ticker_symbol,end_date,revenue,revenue_diff
66,2010-03-31T00:00:00Z,17458138969.62,16600458899.369999
608,2010-03-31T00:00:00Z,1234597e3,1007584e3
21,2010-06-30T00:00:00Z,10264548091.32,5516981674.309999
66,2010-06-30T00:00:00Z,39441148067.88,37432527427.27
559,2010-06-30T00:00:00Z,4138826058.26,1718474751.5100002
608,2010-06-30T00:00:00Z,2557656e3,182947e4
2362,2010-06-30T00:00:00Z,674413479.44,498490318.4200001
600115,2010-06-30T00:00:00Z,33636173e3,16138389e3
600278,2010-06-30T00:00:00Z,6689541464.39,4946139299.56
600568,2010-06-30T00:00:00Z,174398879.91,-1613667948.6699998
600662,2010-06-30T00:00:00Z,1760794149.57,1156865425.21
600723,2010-06-30T00:00:00Z,4669280077.33,3517893071.92
21,2010-09-30T00:00:00Z,16145041193.26,7454507424.32
36,2010-09-30T00:00:00Z,284428776.47,-1292003269.24
66,2010-09-30T00:00:00Z,60791460955.9,57597961027.93
502,2010-09-30T00:00:00Z,51102725.23,-235585216.42
559,2010-09-30T00:00:00Z,5899197653.91,2055205342.3199997
607,2010-09-30T00:00:00Z,792560015.81,-600799558.7
608,2010-09-30T00:00:00Z,2883499e3,1991469e3
883,2010-09-30T00:00:00Z,9489370003.76,5683964132.47
2075,2010-09-30T00:00:00Z,10604911537.07,10580265218.22
2113,2010-09-30T00:00:00Z,117519240.58,-163530228.84000003
2362,2010-09-30T00:00:00Z,965614008.23,646876322.6500001
2473,2010-09-30T00:00:00Z,166144489.61,63954359.82000001
2561,2010-09-30T00:00:00Z,1439070100.14,527787639.8000001
300111,2010-09-30T00:00:00Z,1668444046.42,1053511056.1400001
600071,2010-09-30T00:00:00Z,1061457550.84,447267229.6600001
600115,2010-09-30T00:00:00Z,55465964e3,26565713e3
600278,2010-09-30T00:00:00Z,10893661195.24,8034399047.78
600320,2010-09-30T00:00:00Z,12796067386,-8994557026
600448,2010-09-30T00:00:00Z,1542164113.93,516412962.5200001
600548,2010-09-30T00:00:00Z,2010575039.14,1101554104.8600001
600568,2010-09-30T00:00:00Z,382936473.97,-1539307771.3899999
600647,2010-09-30T00:00:00Z,257419233.94,165721872.13
600662,2010-09-30T00:00:00Z,2614336586.53,1670898635.1000004
600723,2010-09-30T00:00:00Z,6847386032.54,5111264009.47
600769,2010-09-30T00:00:00Z,663488151.77,204938246.08999997
600780,2010-09-30T00:00:00Z,3376469388.08,1997091853.29
600792,2010-09-30T00:00:00Z,4182604098.36,3308345988.16
600827,2010-09-30T00:00:00Z,32567369866.44,10788926915.8
600890,2010-09-30T00:00:00Z,9359548.47,-34238803.31
601111,2010-09-30T00:00:00Z,59134049e3,22674689e3
601866,2010-09-30T00:00:00Z,27366008056.22,13258461164.550001
601989,2010-09-30T00:00:00Z,35899164555.75,22835584441.11
900929,2010-09-30T00:00:00Z,1417618929.65,333129742.3200002
900939,2010-09-30T00:00:00Z,15062131.12,-14391671.87
21,2010-12-31T00:00:00Z,20771541038.17,7366228180.739998
36,2010-12-31T00:00:00Z,1115387299.69,-804272780.05
66,2010-12-31T00:00:00Z,84010228328.52,61337088839.44
502,2010-12-31T00:00:00Z,71198100.03,-387949300.97
548,2010-12-31T00:00:00Z,333592619.22,111811576.82000002
559,2010-12-31T00:00:00Z,7819675175.17,2249784842
603,2010-12-31T00:00:00Z,822369978.3,812382836.41
607,2010-12-31T00:00:00Z,1227058363.16,-728552896.3499999
608,2010-12-31T00:00:00Z,3042347e3,2054226e3
668,2010-12-31T00:00:00Z,167928078.72,-187966116.41
712,2010-12-31T00:00:00Z,88265663.05,-73746482.14
788,2010-12-31T00:00:00Z,1809549958.69,930101473.5600001
809,2010-12-31T00:00:00Z,1103259453.72,961525804.62
856,2010-12-31T00:00:00Z,1678180758.56,1411339047.9299998
876,2010-12-31T00:00:00Z,53138916804.56,46341447638.549995
978,2010-12-31T00:00:00Z,510322440.72,191945133.24
2033,2010-12-31T00:00:00Z,373565844.82,190377752.04999998
2069,2010-12-31T00:00:00Z,2259046668.67,746503668.6700001
2083,2010-12-31T00:00:00Z,4249582398.18,1021331430.5499997
2113,2010-12-31T00:00:00Z,189355206.45,-168880961
2204,2010-12-31T00:00:00Z,13383366410.39,11995162980.109999
2362,2010-12-31T00:00:00Z,1237034545.61,655465690.18
2473,2010-12-31T00:00:00Z,233884312.07,78522766.23999998
2585,2010-12-31T00:00:00Z,1454067491.41,818673614.6200001
200706,2010-12-31T00:00:00Z,3055143917.27,745236954.0799999
300111,2010-12-31T00:00:00Z,2328536095.38,1311814142.29
300125,2010-12-31T00:00:00Z,592376532.78,200421401.16999996
600052,2010-12-31T00:00:00Z,2237042274.23,-2150063431.2599998
600071,2010-12-31T00:00:00Z,1464014414.81,529559524.38
600104,2010-12-31T00:00:00Z,364983328165.82,226107907394.41
600115,2010-12-31T00:00:00Z,74958108e3,35126777e3
600145,2010-12-31T00:00:00Z,239958633.97,93330929.88
600173,2010-12-31T00:00:00Z,2198796464.66,1154836057.35
600210,2010-12-31T00:00:00Z,7340960634.18,2175702881.8900003
600241,2010-12-31T00:00:00Z,2097814487.37,628051106.06
600275,2010-12-31T00:00:00Z,202536978.55,91548810.93
600278,2010-12-31T00:00:00Z,14845224862.46,10588828805.63
600287,2010-12-31T00:00:00Z,5568452607.98,1419309389.9399996
600300,2010-12-31T00:00:00Z,4763196958.43,1923806732.9700003
600320,2010-12-31T00:00:00Z,17116177415,-10447938227
600391,2010-12-31T00:00:00Z,1593747009.55,557078947.05
600400,2010-12-31T00:00:00Z,2139380447.65,1080790732.92
600448,2010-12-31T00:00:00Z,2005203000.9,610471983.51
600455,2010-12-31T00:00:00Z,268092860.98,59754700.72999999
600493,2010-12-31T00:00:00Z,924216480.84,236470480.35000002
600548,2010-12-31T00:00:00Z,2765300387.03,1323626839.8100002
600568,2010-12-31T00:00:00Z,449922594.03,-1571887355.91
600620,2010-12-31T00:00:00Z,1543971410.46,1349460190.45
600644,2010-12-31T00:00:00Z,1779098404.27,841669095.4499999
600647,2010-12-31T00:00:00Z,326762897.89,-266126914.56000006
600662,2010-12-31T00:00:00Z,3701460897.86,2400927855.55
600723,2010-12-31T00:00:00Z,9691839691.7,7206274958.630001
600769,2010-12-31T00:00:00Z,929863487.31,250016245.82999992
600780,2010-12-31T00:00:00Z,4544262466.03,2636108499.5299997
600792,2010-12-31T00:00:00Z,5722182543.33,4473140904.53
600827,2010-12-31T00:00:00Z,43891153387.26,14704250990.470001
600890,2010-12-31T00:00:00Z,11014496.04,-100479149.75
600896,2010-12-31T00:00:00Z,1249021096.69,406853326.45000005
600963,2010-12-31T00:00:00Z,6138384050.66,3099845321.68
601010,2010-12-31T00:00:00Z,5635724250.25,3119690600.69
601111,2010-12-31T00:00:00Z,80962677e3,29867308e3
601558,2010-12-31T00:00:00Z,20324866267.05,6594563298.199999
601866,2010-12-31T00:00:00Z,34835468983.49,14897883667.029999
601989,2010-12-31T00:00:00Z,54110538499.86,35548240938.86
900929,2010-12-31T00:00:00Z,2074750021.59,474832809.4299998
900939,2010-12-31T00:00:00Z,17459380.94,-19985151.02
608,2011-03-31T00:00:00Z,162972e3,-1071625e3
2599,2011-03-31T00:00:00Z,105677223.08,-211228983.01
2603,2011-03-31T00:00:00Z,420142964.2,-1212188022.6399999
2606,2011-03-31T00:00:00Z,144730477.25,-419550326.5
2607,2011-03-31T00:00:00Z,792586335.55,-1420494083.5600002
2609,2011-03-31T00:00:00Z,50821617.75,-193428471.69
300211,2011-03-31T00:00:00Z,59997422.96,-139476439.91
300277,2011-03-31T00:00:00Z,33037071.66,-131031926.97999999
600723,2011-03-31T00:00:00Z,3197734400.65,2465207569.61
601010,2011-03-31T00:00:00Z,1895420016.46,-2985388942.0299997
601218,2011-03-31T00:00:00Z,406549342.92,-1176704767.03
601222,2011-03-31T00:00:00Z,274574852.35,-712217433.4599999
601258,2011-03-31T00:00:00Z,13152607827,-22038721262
601566,2011-03-31T00:00:00Z,545505609.07,-858407006.2799999
601567,2011-03-31T00:00:00Z,468236146.3,-1018821076.02
601599,2011-03-31T00:00:00Z,464727038.79,-749147369.5799999
601669,2011-03-31T00:00:00Z,20789055033.93,-54751119082.68
601789,2011-03-31T00:00:00Z,1876090887.55,-5052938780.48
601798,2011-03-31T00:00:00Z,96847400.65,-561129641.91
601996,2011-03-31T00:00:00Z,170460922.95,-575550336.53
900939,2011-03-31T00:00:00Z,1620327.18,-4558709.13
608,2011-06-30T00:00:00Z,297912e3,-2259744e3
722,2011-06-30T00:00:00Z,104081395.23,-208856999.47999996
876,2011-06-30T00:00:00Z,28698800343.23,25187950989.93
922,2011-06-30T00:00:00Z,1318497367.36,1268253209.1999998
2033,2011-06-30T00:00:00Z,241308905.41,157568535.72
2181,2011-06-30T00:00:00Z,863695399.28,703691965.65
2204,2011-06-30T00:00:00Z,6076596676.41,5472178158.469999
2362,2011-06-30T00:00:00Z,258234113.57,-416179365.87000006
2613,2011-06-30T00:00:00Z,411410207.94,-202723565.72999996
2622,2011-06-30T00:00:00Z,131665988.1,-182922340.70000002
2627,2011-06-30T00:00:00Z,459649351.02,-259764878.98000002
2650,2011-06-30T00:00:00Z,810563380.42,-391072663.15999997
300277,2011-06-30T00:00:00Z,119992507.19,-136775312.36
300329,2011-06-30T00:00:00Z,141155344.32,-64064348.879999995
600113,2011-06-30T00:00:00Z,560949775.67,435337339.03
600265,2011-06-30T00:00:00Z,199290429.18,103772958.71000001
600275,2011-06-30T00:00:00Z,5536541.22,-14228819.11
600707,2011-06-30T00:00:00Z,180634765.39,-522237724.62
600834,2011-06-30T00:00:00Z,367726495.11,-41256121.31
900939,2011-06-30T00:00:00Z,3242432.14,-8322721.449999999
502,2011-09-30T00:00:00Z,568331245.56,517228520.3299999
552,2011-09-30T00:00:00Z,3188623090.06,2611202259.35
593,2011-09-30T00:00:00Z,350140178.62,169732739.4
603,2011-09-30T00:00:00Z,676691877.89,660237663.26
608,2011-09-30T00:00:00Z,557773e3,-2325726e3
697,2011-09-30T00:00:00Z,44436714.49,-525161104.97
715,2011-09-30T00:00:00Z,2600673576.22,940740585.0799997
721,2011-09-30T00:00:00Z,496644959.44,78294921.38
722,2011-09-30T00:00:00Z,148876976.21,-332913401.29999995
875,2011-09-30T00:00:00Z,3082468849.48,1414848122.76
876,2011-09-30T00:00:00Z,50764868718.18,45170654631.09
877,2011-09-30T00:00:00Z,6379880109.62,2382414452.08
922,2011-09-30T00:00:00Z,2019346389.51,1921929805.54
970,2011-09-30T00:00:00Z,3895351322.05,2187105021.6800003
2006,2011-09-30T00:00:00Z,1900522621.43,1252745760.8700001
2033,2011-09-30T00:00:00Z,410482664.13,276004583.29999995
2181,2011-09-30T00:00:00Z,1294399855.39,1050505580.0200001
2186,2011-09-30T00:00:00Z,1338557164.3,353164071.3599999
2204,2011-09-30T00:00:00Z,8963053983.86,8030356735.72
2333,2011-09-30T00:00:00Z,820228193.26,110231140.39999998
2362,2011-09-30T00:00:00Z,398270059.24,-567343948.99
2650,2011-09-30T00:00:00Z,1215743021.67,325982573.86000013
300029,2011-09-30T00:00:00Z,594928859.08,284418824.08000004
300305,2011-09-30T00:00:00Z,357407548,148009108.33
300307,2011-09-30T00:00:00Z,2820477258.26,1973558161.0500002
300329,2011-09-30T00:00:00Z,213755883.78,92454043.41
600022,2011-09-30T00:00:00Z,67169146151.29,43366486249.53
600039,2011-09-30T00:00:00Z,15153011021.28,12188082561.42
600265,2011-09-30T00:00:00Z,243496896.56,111957411.7
600275,2011-09-30T00:00:00Z,9009934.16,-17779629.83
600382,2011-09-30T00:00:00Z,126938422.44,-394958316.91
600397,2011-09-30T00:00:00Z,9603719437.95,8756963076.77
600401,2011-09-30T00:00:00Z,5355700315.94,5047366222.629999
600549,2011-09-30T00:00:00Z,9767492350.92,5862473670.57
600555,2011-09-30T00:00:00Z,379854172.58,373294206.46
600575,2011-09-30T00:00:00Z,20493221102.8,20390802909.11
600664,2011-09-30T00:00:00Z,13796070326.33,4027841664.959999
600706,2011-09-30T00:00:00Z,584015123.05,556581068.4799999
600707,2011-09-30T00:00:00Z,265149528.23,-718799285.42
600727,2011-09-30T00:00:00Z,718798834.83,451338099.5
600834,2011-09-30T00:00:00Z,564481531.66,-69953972.69000006
600894,2011-09-30T00:00:00Z,6525560561.99,1794674352.71
900939,2011-09-30T00:00:00Z,6001408.04,-9060723.079999998
900951,2011-09-30T00:00:00Z,694848601.01,553976448.13
498,2011-12-31T00:00:00Z,7332080202.5,7332080202.5
502,2011-12-31T00:00:00Z,625157091.38,553958991.35
516,2011-12-31T00:00:00Z,3378129581.03,853411152.3800001
539,2011-12-31T00:00:00Z,26734105598,14091897529
552,2011-12-31T00:00:00Z,4375821520.36,3599937886.2999997
593,2011-12-31T00:00:00Z,556823098.55,272932009.02
608,2011-12-31T00:00:00Z,806492e3,-2235855e3
697,2011-12-31T00:00:00Z,136634029.43,-630590179.7
707,2011-12-31T00:00:00Z,5231868079.89,1463978625.2700005
715,2011-12-31T00:00:00Z,3524278045.63,1080536705.21
721,2011-12-31T00:00:00Z,671974984.34,79823561.91000009
722,2011-12-31T00:00:00Z,188104562.91,-399055414.5300001
791,2011-12-31T00:00:00Z,1228910409.34,939551403.3399999
809,2011-12-31T00:00:00Z,1402745226.99,299485773.27
831,2011-12-31T00:00:00Z,7636263237.68,4876940866.870001
875,2011-12-31T00:00:00Z,4557355772.4,2005130009.5299997
876,2011-12-31T00:00:00Z,71640047189.22,18501130384.660004
877,2011-12-31T00:00:00Z,8277788050.79,2573006694.01
917,2011-12-31T00:00:00Z,2845476023.71,-3345433301.6800003
922,2011-12-31T00:00:00Z,2780726301.37,2629976094.5
970,2011-12-31T00:00:00Z,5695842020.93,3330060483.65
2006,2011-12-31T00:00:00Z,2351361302.27,1376674664.47
2013,2011-12-31T00:00:00Z,6314519800,5777897608.92
2033,2011-12-31T00:00:00Z,555286111.23,181720266.41000003
2069,2011-12-31T00:00:00Z,2937410749.04,678364080.3699999
2096,2011-12-31T00:00:00Z,1610602826.45,983879695.2
2170,2011-12-31T00:00:00Z,2323768642.77,780599952.6399999
2177,2011-12-31T00:00:00Z,741457812.06,273258354.00999993
2181,2011-12-31T00:00:00Z,1877991091.55,1539400877
2186,2011-12-31T00:00:00Z,1802313803.25,462976279.69000006
2226,2011-12-31T00:00:00Z,1213892013.41,889723116.8200002
2255,2011-12-31T00:00:00Z,1372790206.42,323736366.5100001
2333,2011-12-31T00:00:00Z,1104988534.84,141191509.26999986
2347,2011-12-31T00:00:00Z,403247232.13,121489096.87
2362,2011-12-31T00:00:00Z,533193131.14,-703841414.4699999
2381,2011-12-31T00:00:00Z,1145925172.76,321392651.11
2569,2011-12-31T00:00:00Z,714618716.35,177247323.87
2650,2011-12-31T00:00:00Z,1682808865.15,307221857.8700001
2689,2011-12-31T00:00:00Z,1487809450.9,499075509.7800001
2692,2011-12-31T00:00:00Z,2063730640.5,1092524016.71
2694,2011-12-31T00:00:00Z,1383242002.27,614025511.37
2702,2011-12-31T00:00:00Z,658327780.25,224000690.86
300029,2011-12-31T00:00:00Z,841718020,389419863.38
300051,2011-12-31T00:00:00Z,272719745.7,99985476.63999999
300127,2011-12-31T00:00:00Z,563624220.82,231883503.02000004
300333,2011-12-31T00:00:00Z,205952135.38,143724821.20999998
300337,2011-12-31T00:00:00Z,1539316920.3,844006930.1899999
600022,2011-12-31T00:00:00Z,83562111174.56,52821449265.24
600033,2011-12-31T00:00:00Z,2312056380.77,376584375.03999996
600039,2011-12-31T00:00:00Z,19318480870.88,14737557675.980001
600107,2011-12-31T00:00:00Z,473756741.08,127758699.27999997
600113,2011-12-31T00:00:00Z,720647512.68,405941200.86999995
600173,2011-12-31T00:00:00Z,993973960.02,-1204822504.6399999
600202,2011-12-31T00:00:00Z,841740659.98,-527452484.48
600241,2011-12-31T00:00:00Z,1650002222,-447812265.3699999
600272,2011-12-31T00:00:00Z,797189525.6,-69708282.88999999
600275,2011-12-31T00:00:00Z,13537591,-188999387.55
600382,2011-12-31T00:00:00Z,159467563.32,-445030858.94
600397,2011-12-31T00:00:00Z,13700828979.21,12501754932.699999
600506,2011-12-31T00:00:00Z,138353270.03,76966795.52000001
600549,2011-12-31T00:00:00Z,11910403995.65,6372088954.69
600550,2011-12-31T00:00:00Z,5345826411.51,-2283973339.3499994
600555,2011-12-31T00:00:00Z,389347684.45,380052117.3
600575,2011-12-31T00:00:00Z,30055409337.52,26005850832.79
600578,2011-12-31T00:00:00Z,8552040253.61,5948181319.389999
600615,2011-12-31T00:00:00Z,114875568.2,-166413576.17000002
600620,2011-12-31T00:00:00Z,72235533.68,-1471735876.78
600630,2011-12-31T00:00:00Z,4527785068.92,996371208.7800002
600664,2011-12-31T00:00:00Z,17460828773.41,4925388960.700001
600668,2011-12-31T00:00:00Z,779064452.05,-545466490.3
600691,2011-12-31T00:00:00Z,14576455333.84,14545626338.73
600698,2011-12-31T00:00:00Z,1983549518.54,641625489.01
600706,2011-12-31T00:00:00Z,864521187.84,835593251.4200001
600707,2011-12-31T00:00:00Z,357689810.33,-793926506.7
600727,2011-12-31T00:00:00Z,961504657.71,508881950.94000006
600733,2011-12-31T00:00:00Z,386823956.59,171648816.99999997
600834,2011-12-31T00:00:00Z,779252774.88,-54963045.07000005
600850,2011-12-31T00:00:00Z,3941392369.42,2430435520.5600004
600885,2011-12-31T00:00:00Z,3019857890.76,2358894088.36
600894,2011-12-31T00:00:00Z,8735541860.35,2225109912.6000004
601188,2011-12-31T00:00:00Z,391440622.77,103766402.95999998
601339,2011-12-31T00:00:00Z,4761186013.96,1458640213.96
601388,2011-12-31T00:00:00Z,5403430701.61,3635557145.5599995
601558,2011-12-31T00:00:00Z,9506490078.47,-10818376188.58
603002,2011-12-31T00:00:00Z,1418920672.04,550444572.04
603366,2011-12-31T00:00:00Z,3094996696.99,1556573094.6799998
900939,2011-12-31T00:00:00Z,8121478.38,-9337902.560000002
900951,2011-12-31T00:00:00Z,853390507.21,604489271.23
2672,2012-03-31T00:00:00Z,390272453.15,-762085897.34
2689,2012-03-31T00:00:00Z,95530406.72,-1244088436.85
2690,2012-03-31T00:00:00Z,102409892.72,-232424377.16
2692,2012-03-31T00:00:00Z,361556524.49,-1147661971.46
2693,2012-03-31T00:00:00Z,19020918.42,-93856235.1
2694,2012-03-31T00:00:00Z,276632695.63,-746280652.64
2695,2012-03-31T00:00:00Z,257989676.68,-259569734.15999997
2696,2012-03-31T00:00:00Z,140352907.79,-309350816.26
2697,2012-03-31T00:00:00Z,994202442.89,-1491675371.2800002
2703,2012-03-31T00:00:00Z,136320758.66,-228951802.91
300337,2012-03-31T00:00:00Z,332641616.16,-902025942.25
300341,2012-03-31T00:00:00Z,64494115.46,-201367477.7
300345,2012-03-31T00:00:00Z,55091641.56,-153275448
300352,2012-03-31T00:00:00Z,7482539.61,-61534082.36
300354,2012-03-31T00:00:00Z,7625941.39,-35848028.24
600959,2012-03-31T00:00:00Z,799265767.2,-1726393188.61
601038,2012-03-31T00:00:00Z,3507319416.73,-6713485548.27
601339,2012-03-31T00:00:00Z,1023202254,-3851584046
601608,2012-03-31T00:00:00Z,1825594674.12,-4685696745.68
601965,2012-03-31T00:00:00Z,266606891.72,-1890340478.01
603002,2012-03-31T00:00:00Z,303712212.92,-947654687.0799999
603128,2012-03-31T00:00:00Z,1714655432.54,-5287668967.46
603333,2012-03-31T00:00:00Z,166745561.31,-1025162340.0700002
603366,2012-03-31T00:00:00Z,557052451.08,-1941955692.37
603766,2012-03-31T00:00:00Z,1385339707.64,-4252710593.16
418,2012-06-30T00:00:00Z,3101328731.14,-3646185391.39
629,2012-06-30T00:00:00Z,8304973469.26,-15468966185.039999
2013,2012-06-30T00:00:00Z,3407306947.6,3086796280.02
2696,2012-06-30T00:00:00Z,424860708.16,-345314307.79
2702,2012-06-30T00:00:00Z,324016573.42,-189396685.56
2703,2012-06-30T00:00:00Z,311654779.31,-234289147.20999998
300029,2012-06-30T00:00:00Z,129603319.76,-287927216.18
300354,2012-06-30T00:00:00Z,33306050.61,-38843883.849999994
600096,2012-06-30T00:00:00Z,28505765364.5,23510749164.68
600113,2012-06-30T00:00:00Z,142415801.95,-418533973.71999997
600265,2012-06-30T00:00:00Z,75531514.62,-123758914.56
600562,2012-06-30T00:00:00Z,460930754.27,312148695.71
600620,2012-06-30T00:00:00Z,72620884.77,50566705.919999994
600769,2012-06-30T00:00:00Z,270934215.39,-272096810.15999997
600793,2012-06-30T00:00:00Z,2699359.66,-392196463.34
600894,2012-06-30T00:00:00Z,2793363115.28,-1734419527.7499995
601001,2012-06-30T00:00:00Z,17772202170.27,11117674354.16
603167,2012-06-30T00:00:00Z,492723051.93,-549844501.8900001
7,2012-09-30T00:00:00Z,215120009.15,97789483.69000001
30,2012-09-30T00:00:00Z,3572010299.84,3571901293.04
418,2012-09-30T00:00:00Z,4575118340.72,-4790653275.659999
498,2012-09-30T00:00:00Z,4562616244.02,4562616244.02
502,2012-09-30T00:00:00Z,21691399.42,-546639846.14
539,2012-09-30T00:00:00Z,21824682045,11324164300
629,2012-09-30T00:00:00Z,11852293372.38,-24886217142.410004
791,2012-09-30T00:00:00Z,1211331987.65,974828422.1400001
809,2012-09-30T00:00:00Z,370245591.24,244107463.99
2006,2012-09-30T00:00:00Z,592125327.45,-1308397293.98
2013,2012-09-30T00:00:00Z,4657791335.73,4172604467.2799997
2051,2012-09-30T00:00:00Z,7506732380.82,3810558443.7599998
2534,2012-09-30T00:00:00Z,8378871549.11,5881309676.25
300029,2012-09-30T00:00:00Z,170987104.48,-423941754.6
300346,2012-09-30T00:00:00Z,151786752.84,-124144498.28999999
600096,2012-09-30T00:00:00Z,43967325390.37,36375727927.51
600113,2012-09-30T00:00:00Z,211632614.27,-417525082.19000006
600225,2012-09-30T00:00:00Z,1828823407.15,1678529519.49
600265,2012-09-30T00:00:00Z,94602085.96,-148894810.60000002
600550,2012-09-30T00:00:00Z,1565433668.48,-2418749771.16
600562,2012-09-30T00:00:00Z,644934560.33,412559958.5
600578,2012-09-30T00:00:00Z,7332989073.56,4975928937.610001
600620,2012-09-30T00:00:00Z,117987291.81,75300909.21000001
600644,2012-09-30T00:00:00Z,1025527057.19,-687184020.22
600691,2012-09-30T00:00:00Z,15375278514.46,15355318612.179998
600698,2012-09-30T00:00:00Z,712884534.35,-874722612.66
600734,2012-09-30T00:00:00Z,41599723.87,-821349090.01
600769,2012-09-30T00:00:00Z,272370940.72,-475420275.53999996
600793,2012-09-30T00:00:00Z,2721940.04,-551758629.14
600885,2012-09-30T00:00:00Z,2192619388.03,2089581513.9400003
600894,2012-09-30T00:00:00Z,3685159513.34,-2840401048.6499996
601001,2012-09-30T00:00:00Z,26902370025.07,16383351760.67
601177,2012-09-30T00:00:00Z,1297641121.09,-612026575.72
601908,2012-09-30T00:00:00Z,381793313.41,-1149364972.2099998
7,2012-12-31T00:00:00Z,312664912.05,147325388.76000002
30,2012-12-31T00:00:00Z,4828316433.7,4828207426.9
37,2012-12-31T00:00:00Z,1265445768.29,-1150371962.06
418,2012-12-31T00:00:00Z,6899863926.81,-4075757777.71
502,2012-12-31T00:00:00Z,33389274.35,-591767817.03
519,2012-12-31T00:00:00Z,2161373033.25,1813277396.15
534,2012-12-31T00:00:00Z,636590486.83,320116868.92
543,2012-12-31T00:00:00Z,10462836908.03,5312546209.85
545,2012-12-31T00:00:00Z,1088051788.45,993328201.34
555,2012-12-31T00:00:00Z,7833132209.7,7733265147.5
560,2012-12-31T00:00:00Z,2768737380.38,1212707174.22
582,2012-12-31T00:00:00Z,4207735770.66,3188264325.87
609,2012-12-31T00:00:00Z,166957524.24,149936394.79000002
629,2012-12-31T00:00:00Z,15602599735.95,-36938287915.66
638,2012-12-31T00:00:00Z,48556618.11,-345877545.41999996
657,2012-12-31T00:00:00Z,8489568963.67,7040766672.92
672,2012-12-31T00:00:00Z,2102595249.68,2082317139.91
688,2012-12-31T00:00:00Z,638377059.66,624319217.27
831,2012-12-31T00:00:00Z,4018392644.19,-3617870593.4900002
862,2012-12-31T00:00:00Z,942251916.76,-641683363.0699999
948,2012-12-31T00:00:00Z,1826566611.11,-830282710.26
2006,2012-12-31T00:00:00Z,735488492.83,-1615872809.44
2302,2012-12-31T00:00:00Z,6836565404.86,4734785271.049999
2447,2012-12-31T00:00:00Z,372156576.32,163799747.29999998
2534,2012-12-31T00:00:00Z,11721692787.04,7754440619.440001
300029,2012-12-31T00:00:00Z,176032036.29,-665685983.71
300135,2012-12-31T00:00:00Z,2190661072.13,1070898045.8100002
300346,2012-12-31T00:00:00Z,177305666.91,-145567877.31000003
600018,2012-12-31T00:00:00Z,28381021292.78,6602164073.66
600038,2012-12-31T00:00:00Z,8823172286.2,6053738601.59
600096,2012-12-31T00:00:00Z,58713099550.24,48596482785.43
600108,2012-12-31T00:00:00Z,2246057400,775842200
600113,2012-12-31T00:00:00Z,308085851.16,-412561661.5199999
600145,2012-12-31T00:00:00Z,29935468.44,-133205328.86000001
600155,2012-12-31T00:00:00Z,378805013.46,-693279400.9000001
600157,2012-12-31T00:00:00Z,16625249046.46,14563491141.189999
600197,2012-12-31T00:00:00Z,1771946908.52,537103883.47
600220,2012-12-31T00:00:00Z,2828923978.13,-1043950320.5
600265,2012-12-31T00:00:00Z,120931224.59,-176938827.4
600332,2012-12-31T00:00:00Z,12062641788.39,6623030169.929999
600421,2012-12-31T00:00:00Z,49188991.55,38432771.419999994
600428,2012-12-31T00:00:00Z,7689915441.58,2526856145.8999996
600470,2012-12-31T00:00:00Z,5943455417.86,2590874288.7699995
600506,2012-12-31T00:00:00Z,60753142.42,-77600127.61
600513,2012-12-31T00:00:00Z,571879604.82,247664634.70000005
600562,2012-12-31T00:00:00Z,989100969.22,693724463.12
600634,2012-12-31T00:00:00Z,2680534674.47,2630215547.62
600644,2012-12-31T00:00:00Z,1450153846.86,-644869434.8700001
600698,2012-12-31T00:00:00Z,918110910.91,-1065438607.63
600728,2012-12-31T00:00:00Z,1609114400.36,983028096.2099999
600734,2012-12-31T00:00:00Z,135446702.83,-1000216454.4499999
600769,2012-12-31T00:00:00Z,272279414.52,-718627339.71
600778,2012-12-31T00:00:00Z,7909721865.67,4049530399.12
600793,2012-12-31T00:00:00Z,18606803.91,-549817932.3100001
600800,2012-12-31T00:00:00Z,143478412.33,-91751662.80999997
600818,2012-12-31T00:00:00Z,535621500.99,-140153236.04999995
600834,2012-12-31T00:00:00Z,719503368.33,-59749406.54999995
600860,2012-12-31T00:00:00Z,3045275527.04,2241401600.47
600894,2012-12-31T00:00:00Z,4659116785.62,-4076425074.7300005
600965,2012-12-31T00:00:00Z,969423555.57,447973927.32000005
601177,2012-12-31T00:00:00Z,1680742847.18,-690773254.47
601368,2012-12-31T00:00:00Z,852440924,352317686
601908,2012-12-31T00:00:00Z,568533024.68,-1206869275.23
900939,2012-12-31T00:00:00Z,15559935.52,7438457.14
333,2013-03-31T00:00:00Z,31565923390,-78834628510
601225,2013-03-31T00:00:00Z,9176942754.81,-22560513145.190002
603288,2013-03-31T00:00:00Z,2473702608.69,-3041804942.6200004
603299,2013-03-31T00:00:00Z,572613623.8,-1612895465.97
333,2013-06-30T00:00:00Z,65939479120,-68106170150
555,2013-06-30T00:00:00Z,3308796090.89,3279557586.89
611,2013-06-30T00:00:00Z,604467601.93,525453516.27
657,2013-06-30T00:00:00Z,4726462645.16,4000867557.2599998
809,2013-06-30T00:00:00Z,356208596.97,254427065.01000005
831,2013-06-30T00:00:00Z,265596967.93,-2124235183.4199998
2467,2013-06-30T00:00:00Z,352147513.41,194338332.66000003
2705,2013-06-30T00:00:00Z,2197177360.48,-2265371329.4599996
300371,2013-06-30T00:00:00Z,60018179.91,-41133109.99000001
300378,2013-06-30T00:00:00Z,501078277.45,-218028169.19
600038,2013-06-30T00:00:00Z,4616439550.95,3793328452.2799997
600071,2013-06-30T00:00:00Z,317531454.73,-414442138.56999993
600206,2013-06-30T00:00:00Z,1254736090.82,1061852069.5999999
600421,2013-06-30T00:00:00Z,41565664.52,37305930.5
600620,2013-06-30T00:00:00Z,19894411.77,-52726473
600634,2013-06-30T00:00:00Z,1694002953.57,1665252716.4199998
600769,2013-06-30T00:00:00Z,9e3,-270925215.39
600860,2013-06-30T00:00:00Z,1576505289.93,1198562850.5700002
600893,2013-06-30T00:00:00Z,9561707114.93,6852289154.26
601001,2013-06-30T00:00:00Z,5743836381.79,-12028365788.48
601228,2013-06-30T00:00:00Z,2576960801.94,-1398073069.77
603328,2013-06-30T00:00:00Z,1198769092.95,-1439570029.07
7,2013-09-30T00:00:00Z,104413838.85,-110706170.30000001
68,2013-09-30T00:00:00Z,606845554.89,600574655.14
507,2013-09-30T00:00:00Z,1172759361.83,755644758.2099999
555,2013-09-30T00:00:00Z,4858951549.84,4822001738.84
605,2013-09-30T00:00:00Z,488368924.55,447829034.23
611,2013-09-30T00:00:00Z,1147719727.3,1022502468.26
657,2013-09-30T00:00:00Z,8553758168.72,7591518965.46
668,2013-09-30T00:00:00Z,162694423.16,116448612.11
719,2013-09-30T00:00:00Z,4046995822.45,2542510962.12
799,2013-09-30T00:00:00Z,482828729.55,-995579603.1200001
831,2013-09-30T00:00:00Z,480259498.52,-2540718829.02
837,2013-09-30T00:00:00Z,2475160071.24,1565846735.9899998
902,2013-09-30T00:00:00Z,5507662202.07,4425633288.23
928,2013-09-30T00:00:00Z,8040697980.13,6882861372.25
2062,2013-09-30T00:00:00Z,5121869341.87,954406204.77
2114,2013-09-30T00:00:00Z,385358354.82,-465130626.75000006
2171,2013-09-30T00:00:00Z,5755776702.27,3446139097.7200003
2192,2013-09-30T00:00:00Z,538716661.18,-921009554.7300001
2428,2013-09-30T00:00:00Z,680546839.52,441314609.17999995
2467,2013-09-30T00:00:00Z,532982232.65,276790275.51
300103,2013-09-30T00:00:00Z,362045127.92,229084851.52
300127,2013-09-30T00:00:00Z,263789466,-137749905.16000003
300239,2013-09-30T00:00:00Z,295535640.09,136150098.02999997
300378,2013-09-30T00:00:00Z,726471257.45,-232318956.2299999
600038,2013-09-30T00:00:00Z,7418829118.86,6021449809.07
600054,2013-09-30T00:00:00Z,969946924.05,-435175376.10000014
600071,2013-09-30T00:00:00Z,497240111.48,-606663822.24
600206,2013-09-30T00:00:00Z,1760232504.04,1457522888.96
600284,2013-09-30T00:00:00Z,1961420762.24,1571949700.53
600289,2013-09-30T00:00:00Z,533050436.82,-213695235.19
600332,2013-09-30T00:00:00Z,13204821420.31,4681527823.309999
600421,2013-09-30T00:00:00Z,91689666.21,69306563.25999999
600483,2013-09-30T00:00:00Z,4046830753.77,3011343772.63
600485,2013-09-30T00:00:00Z,2102775453.17,1932281265.95
600620,2013-09-30T00:00:00Z,30173849.52,-87813442.29
600634,2013-09-30T00:00:00Z,2408556640.35,2377241882.69
600728,2013-09-30T00:00:00Z,1294827263.17,886129049.21
600769,2013-09-30T00:00:00Z,1120278.62,-271250662.1
600814,2013-09-30T00:00:00Z,4577712167.12,3142305595.22
600860,2013-09-30T00:00:00Z,2216005075.9,1658787879.2200003
600893,2013-09-30T00:00:00Z,14285625537.98,9478274265.09
600965,2013-09-30T00:00:00Z,809556051.93,389357506.00999993
601001,2013-09-30T00:00:00Z,8188061019.81,-18714309005.26
603308,2013-09-30T00:00:00Z,1040404261.32,-221797652.19999993
603328,2013-09-30T00:00:00Z,1889615761.82,-973434315.6099999
603688,2013-09-30T00:00:00Z,247959604.22,-95129331.46000001
7,2013-12-31T00:00:00Z,214348538.46,-98316373.59
29,2013-12-31T00:00:00Z,2116482684.93,1086333955.46
68,2013-12-31T00:00:00Z,721757334.54,616803063.47
507,2013-12-31T00:00:00Z,1642824631.12,988449093.2199999
534,2013-12-31T00:00:00Z,1122349637.9,485759151.07000005
546,2013-12-31T00:00:00Z,1592037523.54,1473256474.48
600,2013-12-31T00:00:00Z,9970804333.54,3550707779.630001
605,2013-12-31T00:00:00Z,706317665.55,648077911.77
609,2013-12-31T00:00:00Z,313953022.89,146995498.64999998
611,2013-12-31T00:00:00Z,1153689395.26,970588075.91
622,2013-12-31T00:00:00Z,183080851.69,54222659.39999999
657,2013-12-31T00:00:00Z,11237296706.75,2747727743.08
712,2013-12-31T00:00:00Z,129054038.22,34259568.22
719,2013-12-31T00:00:00Z,6462187388.43,4190669005.8700004
721,2013-12-31T00:00:00Z,586167482.01,-72429896.59000003
735,2013-12-31T00:00:00Z,1731557988.81,880262188.05
767,2013-12-31T00:00:00Z,9151114069.43,3697779433.2200003
795,2013-12-31T00:00:00Z,888841470.45,-520765650.28999996
799,2013-12-31T00:00:00Z,684631607.21,-967499372.6700001
809,2013-12-31T00:00:00Z,1686070049.75,289592460.81999993
815,2013-12-31T00:00:00Z,553185490.34,-809565773.2599999
831,2013-12-31T00:00:00Z,1993783368.42,-2024609275.77
837,2013-12-31T00:00:00Z,3411474389.41,2220334333.06
902,2013-12-31T00:00:00Z,6889143022.34,5323859069.87
908,2013-12-31T00:00:00Z,1419410879.1,1274143766.1899998
928,2013-12-31T00:00:00Z,11161488482.88,9660513225.15
973,2013-12-31T00:00:00Z,3019245751.48,-905729723.9899998
2029,2013-12-31T00:00:00Z,2773490671.66,-703500470.1600003
2062,2013-12-31T00:00:00Z,7857795493.22,1032994737.2800007
2093,2013-12-31T00:00:00Z,382845897.62,-360062641.67999995
2102,2013-12-31T00:00:00Z,1867163138.77,1171212703.97
2171,2013-12-31T00:00:00Z,7833798635.99,4628578178.969999
2192,2013-12-31T00:00:00Z,809349737.59,-1042303389.13
2198,2013-12-31T00:00:00Z,226744884.65,122271728.82000001
2238,2013-12-31T00:00:00Z,1298174184.61,398252557.5099999
2307,2013-12-31T00:00:00Z,5014838190.15,1522520792.9399996
2416,2013-12-31T00:00:00Z,40409034903.14,20828424962.489998
2428,2013-12-31T00:00:00Z,824071975.1,442329601.08000004
2447,2013-12-31T00:00:00Z,532701657.35,160545081.03000003
2457,2013-12-31T00:00:00Z,1238925508.92,464030563.45000005
2467,2013-12-31T00:00:00Z,715974866.79,333747503.18999994
2471,2013-12-31T00:00:00Z,4447922697.82,2569050179.22
2504,2013-12-31T00:00:00Z,2174814836.09,2018423027.98
2523,2013-12-31T00:00:00Z,460616368.67,-152867417.8
2534,2013-12-31T00:00:00Z,5942192485.07,-5779500301.970001
2657,2013-12-31T00:00:00Z,1022822674.03,501146017.03999996
2726,2013-12-31T00:00:00Z,3158334073.25,2106103702.1100001
2746,2013-12-31T00:00:00Z,1773071970.42,528209484.20000005
2752,2013-12-31T00:00:00Z,1735889693.39,878554000.5900002
300103,2013-12-31T00:00:00Z,533873608.09,292031546.62
300110,2013-12-31T00:00:00Z,867200339.57,305166194.23
300127,2013-12-31T00:00:00Z,353926198.01,-133236920.85000002
300172,2013-12-31T00:00:00Z,540502707.18,176104065.90999997
300205,2013-12-31T00:00:00Z,1270546785.18,511315654.73
300403,2013-12-31T00:00:00Z,595297235.95,239522555.50000006
300483,2013-12-31T00:00:00Z,371947170.57,232371630.67
600038,2013-12-31T00:00:00Z,10830674602.47,2007502316.2699986
600071,2013-12-31T00:00:00Z,697782714.65,-662358171.5500001
600089,2013-12-31T00:00:00Z,29174688011.17,8849546075.309998
600095,2013-12-31T00:00:00Z,552760122.54,229153164.54999995
600116,2013-12-31T00:00:00Z,1369113279.98,423870691.15
600206,2013-12-31T00:00:00Z,2302526391.23,1893526799.3400002
600209,2013-12-31T00:00:00Z,203807025.11,-129677270.90999997
600265,2013-12-31T00:00:00Z,250238489.62,129307265.03
600267,2013-12-31T00:00:00Z,8604311583.6,2802545521.370001
600284,2013-12-31T00:00:00Z,3825364871.64,2617245696.77
600292,2013-12-31T00:00:00Z,3250635077.55,-1540758485.0199995
600323,2013-12-31T00:00:00Z,2156328329.42,1271060371.8600001
600332,2013-12-31T00:00:00Z,17608193312.31,5545551523.920002
600371,2013-12-31T00:00:00Z,413015082.51,-247603578.70000005
600385,2013-12-31T00:00:00Z,537933707.76,532955865.62
600421,2013-12-31T00:00:00Z,111418059.5,62229067.95
600483,2013-12-31T00:00:00Z,5766835525.09,4440172041.6
600485,2013-12-31T00:00:00Z,2358411323.92,2110592610.79
600506,2013-12-31T00:00:00Z,115107898.19,54354755.769999996
600540,2013-12-31T00:00:00Z,1361014028.79,-1303507335.8000002
600634,2013-12-31T00:00:00Z,3552481661.49,871946987.02
600661,2013-12-31T00:00:00Z,1215150695.8,716162033.51
600668,2013-12-31T00:00:00Z,2151398559.29,1366348469.65
600764,2013-12-31T00:00:00Z,808015375.65,-523913643.4599999
600769,2013-12-31T00:00:00Z,31996278.68,-240283135.83999997
600775,2013-12-31T00:00:00Z,4136214822.97,1706172546.02
600777,2013-12-31T00:00:00Z,1989752659.61,1571949254.9399998
600804,2013-12-31T00:00:00Z,5818345229.92,3258128110.32
600814,2013-12-31T00:00:00Z,6646533206.51,4500052956.62
600846,2013-12-31T00:00:00Z,3706097012.03,1378002569.2200003
600870,2013-12-31T00:00:00Z,1187691426.39,-1739357121.5799997
600871,2013-12-31T00:00:00Z,107406243e3,90418327e3
600890,2013-12-31T00:00:00Z,63621076.28,51080011.260000005
600893,2013-12-31T00:00:00Z,25799966511.07,18695996645
601107,2013-12-31T00:00:00Z,7134862412.67,2924910567.76
601368,2013-12-31T00:00:00Z,914660500,636059239
601789,2013-12-31T00:00:00Z,13499325426.38,4022514144.1499996
603009,2013-12-31T00:00:00Z,531112948.26,254803195.27999997
603123,2013-12-31T00:00:00Z,6865547038.49,1917679445.8000002
603328,2013-12-31T00:00:00Z,2593490167.99,1223952655.3199997
603456,2013-12-31T00:00:00Z,1309584204.47,476205264.61
603688,2013-12-31T00:00:00Z,339019748.34,-66051078.910000026
900939,2013-12-31T00:00:00Z,10771418.06,-4788517.459999999
928,2014-03-31T00:00:00Z,2311547552.42,1951260300.5
2198,2014-03-31T00:00:00Z,126234428.13,96625204.81
2724,2014-03-31T00:00:00Z,163856690.1,-1158874520.0900002
2726,2014-03-31T00:00:00Z,760311334.11,-1779658047.19
2727,2014-03-31T00:00:00Z,1038919874.4,-1803219662.0099998
2729,2014-03-31T00:00:00Z,37521061.3,-142001439.64999998
2730,2014-03-31T00:00:00Z,93506891.73,-662837523.76
2731,2014-03-31T00:00:00Z,944785684.19,-1486138311.65
2732,2014-03-31T00:00:00Z,168886237.46,-480138623.06999993
2738,2014-03-31T00:00:00Z,23516423.27,-301795402.18
2746,2014-03-31T00:00:00Z,358445265.11,-1235219156.27
2748,2014-03-31T00:00:00Z,259209019.9,-699737098.39
2752,2014-03-31T00:00:00Z,432020604.53,-640841700.82
2756,2014-03-31T00:00:00Z,1007965978.29,-2692191360.58
300385,2014-03-31T00:00:00Z,86621538.15,-296192284.26
300390,2014-03-31T00:00:00Z,91233916.2,-180322186.28000003
300395,2014-03-31T00:00:00Z,52438512.18,-218289487.82
300396,2014-03-31T00:00:00Z,92958546.57,-265096467.54000002
300400,2014-03-31T00:00:00Z,41746545.71,-223807635.07
300403,2014-03-31T00:00:00Z,140399356.95,-282651835.24
300406,2014-03-31T00:00:00Z,109954131.19,-166009413.11
300411,2014-03-31T00:00:00Z,47515801.24,-184603253.87
300412,2014-03-31T00:00:00Z,20165581.57,-118044745.78
601368,2014-03-31T00:00:00Z,191516040.02,-516342313.98
601579,2014-03-31T00:00:00Z,227504523.85,-747316527.84
603009,2014-03-31T00:00:00Z,139957913.52,-224851083.46
603010,2014-03-31T00:00:00Z,156047268.39,-457904117.25
603011,2014-03-31T00:00:00Z,107635879.87,-426379795.56
603017,2014-03-31T00:00:00Z,74723449.13,-307736384.14
603018,2014-03-31T00:00:00Z,254104161.32,-794136380.97
603088,2014-03-31T00:00:00Z,41927256.07,-181661083.65
603099,2014-03-31T00:00:00Z,14504220.6,-235513979.4
603100,2014-03-31T00:00:00Z,718863503.94,-2528886709.72
603126,2014-03-31T00:00:00Z,321939721.37,-1004254823.88
603166,2014-03-31T00:00:00Z,301684321.95,-1098567440.09
603188,2014-03-31T00:00:00Z,604151771.35,-1052391776.17
603328,2014-03-31T00:00:00Z,564026161.15,-2214193566.7799997
603369,2014-03-31T00:00:00Z,860587919.18,-1733168923.7000003
603456,2014-03-31T00:00:00Z,298395064.99,-636715163.59
603609,2014-03-31T00:00:00Z,1848852454.26,-6289667056.09
603688,2014-03-31T00:00:00Z,77898053.21,-242528543.89000005
603806,2014-03-31T00:00:00Z,460007759.67,-1998581682.48
603889,2014-03-31T00:00:00Z,350912358.03,-1115988730.04
603988,2014-03-31T00:00:00Z,69363042.58,-321769105.71000004
421,2014-06-30T00:00:00Z,2049076335.22,1449514316.01
611,2014-06-30T00:00:00Z,28436023.74,-576031578.1899999
712,2014-06-30T00:00:00Z,13708729.11,-33220281.18
809,2014-06-30T00:00:00Z,185571679.22,-170636917.75000003
837,2014-06-30T00:00:00Z,1969964918.02,1348843877.74
852,2014-06-30T00:00:00Z,3395645098.18,2549146310.0699997
928,2014-06-30T00:00:00Z,5367020269.8,4643465599.07
2198,2014-06-30T00:00:00Z,262464778.41,201065369.13
2504,2014-06-30T00:00:00Z,1256565421.97,1160249996.23
2724,2014-06-30T00:00:00Z,419535326.37,-678777739.61
2729,2014-06-30T00:00:00Z,86219139.45,-85641898.41000001
2730,2014-06-30T00:00:00Z,278606509.53,-481090276.35
2732,2014-06-30T00:00:00Z,433304191.93,-340690196.51000005
2733,2014-06-30T00:00:00Z,932330359.8,-704348349.8500001
2735,2014-06-30T00:00:00Z,211916720.42,-271993816.25
2746,2014-06-30T00:00:00Z,764849320.43,-1084813552.46
2756,2014-06-30T00:00:00Z,2110709688.67,-3514116752.46
300095,2014-06-30T00:00:00Z,356383516.99,188848446.71
300239,2014-06-30T00:00:00Z,118259017.31,-93953194.32999998
300395,2014-06-30T00:00:00Z,134832531.09,-150048968.91
300403,2014-06-30T00:00:00Z,303402241.83,-188259751.31
300411,2014-06-30T00:00:00Z,161856804.1,-111827363.01000002
300412,2014-06-30T00:00:00Z,71134483.64,-80950347.30999999
300421,2014-06-30T00:00:00Z,223979799.91,-165025926.76000002
300445,2014-06-30T00:00:00Z,51210175.79,-53324179.029999994
600062,2014-06-30T00:00:00Z,2161328035.76,-1650694046.7399998
600095,2014-06-30T00:00:00Z,285590884.64,182241820.57999998
600385,2014-06-30T00:00:00Z,665447618.21,662343267.71
600606,2014-06-30T00:00:00Z,117320141479.05,117163999035.39
600637,2014-06-30T00:00:00Z,7173921300.71,6047938429.65
600748,2014-06-30T00:00:00Z,578760551.67,-1605043015.2599998
600814,2014-06-30T00:00:00Z,2978024610.68,1983633840.0899997
600829,2014-06-30T00:00:00Z,4674173559.39,3112988927.6600003
600871,2014-06-30T00:00:00Z,42109535e3,33391544e3
600917,2014-06-30T00:00:00Z,2843726376.17,-2579994373.6499996
601016,2014-06-30T00:00:00Z,590496581.82,-417003794.17999995
601368,2014-06-30T00:00:00Z,443529697,-408911227
603009,2014-06-30T00:00:00Z,303627811.32,-115789557.44
603011,2014-06-30T00:00:00Z,219731714.15,-240013727.28
603017,2014-06-30T00:00:00Z,237086429.21,-198998041.30999997
603088,2014-06-30T00:00:00Z,111303948.98,-124339593.52
603118,2014-06-30T00:00:00Z,2482785880.58,-1423646519.42
603199,2014-06-30T00:00:00Z,213925832.24,-139086604.63
603222,2014-06-30T00:00:00Z,244846057.87,-303517074.65
603456,2014-06-30T00:00:00Z,639557796.56,-503861954.3700001
603611,2014-06-30T00:00:00Z,596448769.63,-708394101.7299999
603806,2014-06-30T00:00:00Z,1138533312.3,-1055267069.2300003
603889,2014-06-30T00:00:00Z,859260230.48,-629530541.69
68,2014-09-30T00:00:00Z,33702901.07,-573142653.8199999
421,2014-09-30T00:00:00Z,2844679275.36,1527796629.16
607,2014-09-30T00:00:00Z,1020442655.85,-567994296.9999999
611,2014-09-30T00:00:00Z,49014071.71,-1098705655.59
615,2014-09-30T00:00:00Z,1254739955.23,781674473.6600001
657,2014-09-30T00:00:00Z,4999403238.96,-3554354929.76
668,2014-09-30T00:00:00Z,7993633.89,-154700789.27
712,2014-09-30T00:00:00Z,40373650.71,-38140072.74999999
809,2014-09-30T00:00:00Z,191403352.82,-168109517.51
811,2014-09-30T00:00:00Z,2046108742.68,891771624.9100001
852,2014-09-30T00:00:00Z,5415032820.02,4137937139.4900007
908,2014-09-30T00:00:00Z,1266700691.41,1161581053.68
972,2014-09-30T00:00:00Z,280287644.27,-657897210.98
2127,2014-09-30T00:00:00Z,1455116200.04,-1644385183.98
2194,2014-09-30T00:00:00Z,1326456377.91,592408468.3700001
2198,2014-09-30T00:00:00Z,394922554.24,302063636.05
2289,2014-09-30T00:00:00Z,2039432881.91,981933729.7600001
2343,2014-09-30T00:00:00Z,150215728.47,-916185920.88
2504,2014-09-30T00:00:00Z,2168722557.05,2015666714.8000002
2733,2014-09-30T00:00:00Z,1446922219.22,-339117535.81999993
2735,2014-09-30T00:00:00Z,337784512.99,-160331462.52999997
2746,2014-09-30T00:00:00Z,1228370368.19,-778751005.1399999
300095,2014-09-30T00:00:00Z,511396319.58,242652390.81
300236,2014-09-30T00:00:00Z,261442894.9,156746827.4
300239,2014-09-30T00:00:00Z,172579221.82,-122956418.26999998
300341,2014-09-30T00:00:00Z,546113539.2,314958461.25000006
300449,2014-09-30T00:00:00Z,289369467.37,-160079421.32
600062,2014-09-30T00:00:00Z,3216470687.11,-2558192796.1699996
600095,2014-09-30T00:00:00Z,364948904.47,206953589.77000004
600299,2014-09-30T00:00:00Z,14503332734,8501779527.82
600381,2014-09-30T00:00:00Z,1551161152.46,1547163597.04
600385,2014-09-30T00:00:00Z,1203193124.58,1198836435.1
600421,2014-09-30T00:00:00Z,35408299.81,-56281366.39999999
600485,2014-09-30T00:00:00Z,110727533.57,-1992047919.6000001
600571,2014-09-30T00:00:00Z,793205410.99,296131694.79
600606,2014-09-30T00:00:00Z,162223138221.89,162010374688.45
600623,2014-09-30T00:00:00Z,23794277571.17,13324215681.359999
600629,2014-09-30T00:00:00Z,2771365293.45,2497314775.3999996
600637,2014-09-30T00:00:00Z,11306759002.46,9564695662.869999
600666,2014-09-30T00:00:00Z,304563837.9,-621712229.37
600685,2014-09-30T00:00:00Z,13968762026.31,10218811245.529999
600704,2014-09-30T00:00:00Z,135049439575.19,107271853362.72
600748,2014-09-30T00:00:00Z,869694354.42,-2023296659.2999997
600829,2014-09-30T00:00:00Z,6804391847.36,4505023455.039999
600871,2014-09-30T00:00:00Z,62559431e3,49210214e3
600892,2014-09-30T00:00:00Z,70879854.08,-433560087.93
600981,2014-09-30T00:00:00Z,28151289324.48,22562088000.45
601766,2014-09-30T00:00:00Z,148022677e3,91502457385
603021,2014-09-30T00:00:00Z,514920944.94,-179407631.76000005
603116,2014-09-30T00:00:00Z,2206385920.22,-861740445.0300002
603227,2014-09-30T00:00:00Z,650404360.01,-414144539.99
603718,2014-09-30T00:00:00Z,230976520.35,-79866379.65
32,2014-12-31T00:00:00Z,3070822903.6,1445381966.4399998
48,2014-12-31T00:00:00Z,2144412617.26,579106453.8499999
61,2014-12-31T00:00:00Z,1648246571.06,-534178583.6300001
68,2014-12-31T00:00:00Z,67194613.97,-654562720.5699999
421,2014-12-31T00:00:00Z,4036495519.92,2370785709.29
533,2014-12-31T00:00:00Z,3896458570.23,1585607385.69
534,2014-12-31T00:00:00Z,526640338.93,-595709298.97
568,2014-12-31T00:00:00Z,5353442161.34,-5077682579.48
609,2014-12-31T00:00:00Z,618674278.25,304721255.36
611,2014-12-31T00:00:00Z,67177064.55,-1086512330.71
615,2014-12-31T00:00:00Z,1900802118.5,1256882915.4099998
622,2014-12-31T00:00:00Z,54731651.9,-128349199.78999999
657,2014-12-31T00:00:00Z,8379788727.64,-2857507979.1099997
712,2014-12-31T00:00:00Z,40195108.4,-88858929.82
723,2014-12-31T00:00:00Z,6243984897.46,4980618370.610001
735,2014-12-31T00:00:00Z,1005817243.57,-725740745.2399999
802,2014-12-31T00:00:00Z,420694845.57,257833626.35999998
809,2014-12-31T00:00:00Z,263077361.13,-1422992688.62
811,2014-12-31T00:00:00Z,2975177953.12,1447387664.7099998
833,2014-12-31T00:00:00Z,1792229603.03,684482860.3399999
835,2014-12-31T00:00:00Z,449301746.4,-533172492.39
852,2014-12-31T00:00:00Z,8136565865.91,6268517038.2699995
958,2014-12-31T00:00:00Z,2673056511.43,1915305782.58
972,2014-12-31T00:00:00Z,416772255.27,-538172075.23
978,2014-12-31T00:00:00Z,991375743.13,547071679.6700001
2015,2014-12-31T00:00:00Z,1155567000.76,-922985183.9300001
2027,2014-12-31T00:00:00Z,7497256418.79,6079475673.42
2085,2014-12-31T00:00:00Z,8182410942.66,3630070445.6899996
2107,2014-12-31T00:00:00Z,437857713.46,182259942.08999997
2127,2014-12-31T00:00:00Z,273520949.2,-3861287072.3900003
2168,2014-12-31T00:00:00Z,313200970.58,-119569269.17000002
2169,2014-12-31T00:00:00Z,1056954922.33,493223976.99
2194,2014-12-31T00:00:00Z,1772359887.81,648053139.4099998
2198,2014-12-31T00:00:00Z,565820205.51,339075320.86
2238,2014-12-31T00:00:00Z,2012661121.89,714486937.2800002
2252,2014-12-31T00:00:00Z,1319735230.15,823375671.8000001
2267,2014-12-31T00:00:00Z,5322458852.92,1264372890.17
2289,2014-12-31T00:00:00Z,2750032730.73,1305988136.47
2292,2014-12-31T00:00:00Z,2429673166.54,876662536.49
2296,2014-12-31T00:00:00Z,525623757.3,138070081.71000004
2314,2014-12-31T00:00:00Z,4715965998.45,2599912473.7599998
2338,2014-12-31T00:00:00Z,388701228.01,93262192.01999998
2343,2014-12-31T00:00:00Z,494232829.87,-964632276.43
2357,2014-12-31T00:00:00Z,1085253026.98,713016483.12
2369,2014-12-31T00:00:00Z,3586877473.77,1543257438.3799999
2451,2014-12-31T00:00:00Z,646651348.13,204021071.11
2465,2014-12-31T00:00:00Z,2953828036.22,1270068470.9599998
2504,2014-12-31T00:00:00Z,3110442801.41,935627965.3199997
2568,2014-12-31T00:00:00Z,1134305297.08,1005854100.1199999
2618,2014-12-31T00:00:00Z,502091225.51,215336656.26
2625,2014-12-31T00:00:00Z,402074126.88,110721713.38
2628,2014-12-31T00:00:00Z,1497995486.98,-2773482855.09
2769,2014-12-31T00:00:00Z,3132578588.77,-1843993664.8799996
2792,2014-12-31T00:00:00Z,1500132718.19,1097881992.2
200771,2014-12-31T00:00:00Z,3722331920.13,-1342311766.54
300004,2014-12-31T00:00:00Z,818362883.52,410888619.68
300008,2014-12-31T00:00:00Z,846669358.88,609730918.63
300022,2014-12-31T00:00:00Z,3897486404.59,-2056279028.9300003
300025,2014-12-31T00:00:00Z,1058755552.23,342338504.59000003
300095,2014-12-31T00:00:00Z,677903252.73,255193217.26
300103,2014-12-31T00:00:00Z,330683610.62,-203189997.46999997
300106,2014-12-31T00:00:00Z,771379830.66,319919555.30999994
300108,2014-12-31T00:00:00Z,343262551.26,178448404.42
300123,2014-12-31T00:00:00Z,386171743.67,-293609094.57
300163,2014-12-31T00:00:00Z,447889212.02,226246522.6
300164,2014-12-31T00:00:00Z,1020585089.5,653792446.96
300236,2014-12-31T00:00:00Z,376170290.32,167348578.91
300239,2014-12-31T00:00:00Z,251053920.13,-131055532.89999998
300282,2014-12-31T00:00:00Z,823772761.99,702660241.27
300341,2014-12-31T00:00:00Z,734413601.85,418988063.33000004
300414,2014-12-31T00:00:00Z,456528424.59,232196412.93999997
300477,2014-12-31T00:00:00Z,911464692.14,636970482.3
300485,2014-12-31T00:00:00Z,589846385.9,193833595
300507,2014-12-31T00:00:00Z,461547375.74,288839422.09000003
600008,2014-12-31T00:00:00Z,6641789381.29,2411135815.77
600062,2014-12-31T00:00:00Z,5153228922.96,-1681345402.9099998
600088,2014-12-31T00:00:00Z,756038254.97,-484286873.01
600137,2014-12-31T00:00:00Z,330657259.24,-107165424.06
600157,2014-12-31T00:00:00Z,7912059927.36,-10899852039.79
600171,2014-12-31T00:00:00Z,467902168.98,-117612802.38999999
600173,2014-12-31T00:00:00Z,1943477804.9,926307505.2600001
600236,2014-12-31T00:00:00Z,9313616938.41,4369514063.96
600265,2014-12-31T00:00:00Z,95927290.65,-154311198.97
600297,2014-12-31T00:00:00Z,86356872109.99,85929421470.21
600299,2014-12-31T00:00:00Z,19464593278,11202053559.77
600381,2014-12-31T00:00:00Z,2063245821.51,2059078363.18
600385,2014-12-31T00:00:00Z,2028598104.12,1490664396.36
600396,2014-12-31T00:00:00Z,7738543012.93,3325871988.58
600421,2014-12-31T00:00:00Z,44112971.66,-67305087.84
600444,2014-12-31T00:00:00Z,786879048.85,365376095.31
600512,2014-12-31T00:00:00Z,2913530799.82,1062003239.1600001
600575,2014-12-31T00:00:00Z,19318092275.38,-15781000342.649998
600602,2014-12-31T00:00:00Z,2799554676.41,1661172622.6899998
600606,2014-12-31T00:00:00Z,261681697723.03,260789278475.94
600608,2014-12-31T00:00:00Z,597004021.08,374589058.9200001
600623,2014-12-31T00:00:00Z,33822632152.56,19490449877.07
600629,2014-12-31T00:00:00Z,4564274380.47,4183427788.75
600637,2014-12-31T00:00:00Z,15588077086.38,12950726167.23
600666,2014-12-31T00:00:00Z,619504470.1,-707446342.6
600682,2014-12-31T00:00:00Z,7827775300.97,4474415110.51
600685,2014-12-31T00:00:00Z,21046990626.8,15208722112.61
600704,2014-12-31T00:00:00Z,214251345176.01,174016696770.75
600708,2014-12-31T00:00:00Z,13333218093.64,10798746510.22
600717,2014-12-31T00:00:00Z,25528298818.05,8900941327.369999
600748,2014-12-31T00:00:00Z,6056456939.66,2151836845.47
600758,2014-12-31T00:00:00Z,6604998833.99,6339795349.679999
600810,2014-12-31T00:00:00Z,9542723616.6,-7905384679.519999
600829,2014-12-31T00:00:00Z,9010672033.66,5833667180.67
600834,2014-12-31T00:00:00Z,744579676.42,27721112.599999905
600851,2014-12-31T00:00:00Z,1110193673.88,-151450213.64999986
600860,2014-12-31T00:00:00Z,1806333093.44,-1021861256.4299998
600890,2014-12-31T00:00:00Z,15357865.24,-48263211.04
600891,2014-12-31T00:00:00Z,4413857019.54,4032641922.35
600892,2014-12-31T00:00:00Z,73998683.53,-531709214.96000004
600980,2014-12-31T00:00:00Z,474342015.92,222164592.42000002
600981,2014-12-31T00:00:00Z,39888962505.75,31323343134.97
601766,2014-12-31T00:00:00Z,221976555e3,12260053e4
601928,2014-12-31T00:00:00Z,9618235543.54,1969806556.3700008
601996,2014-12-31T00:00:00Z,1199474212.66,296317209.3700001
603198,2014-12-31T00:00:00Z,2958954538.87,-394607031.86000013
603767,2014-12-31T00:00:00Z,1049871988.71,888911988.71
603777,2014-12-31T00:00:00Z,2857604600,1773524900
603979,2014-12-31T00:00:00Z,2786634723.65,645230908.3700001
429,2015-03-31T00:00:00Z,357469802.88,-970036316.9
958,2015-03-31T00:00:00Z,877468880.49,588186564.62
2357,2015-03-31T00:00:00Z,317370631.16,213871727.01000002
2753,2015-03-31T00:00:00Z,164834202.28,-659128756.49
2761,2015-03-31T00:00:00Z,137985884.65,-674545023.6
2762,2015-03-31T00:00:00Z,78085155.69,-302294585.95
2763,2015-03-31T00:00:00Z,499103538.11,-982078236.9899999
2765,2015-03-31T00:00:00Z,196724555.83,-458659461.17999995
2766,2015-03-31T00:00:00Z,181022770.98,-565076098.41
2767,2015-03-31T00:00:00Z,63930490.3,-235495045.22999996
2769,2015-03-31T00:00:00Z,568688228.19,-3845287055.77
2770,2015-03-31T00:00:00Z,138725815.15,-500069461.14
2771,2015-03-31T00:00:00Z,119095072.22,-531704903.15
2772,2015-03-31T00:00:00Z,129493650.45,-134446952.85000002
2773,2015-03-31T00:00:00Z,401015733.99,-1075611766.01
2776,2015-03-31T00:00:00Z,162643026.83,-353569212.40999997
300444,2015-03-31T00:00:00Z,57328884.57,-390817074.43
300452,2015-03-31T00:00:00Z,67944628.93,-144945908.7
300453,2015-03-31T00:00:00Z,78618100.89,-226119295.48000002
300455,2015-03-31T00:00:00Z,22622195.51,-205002837.28
300458,2015-03-31T00:00:00Z,257598616.19,-1392500551.6399999
300460,2015-03-31T00:00:00Z,95790348.24,-304646775.37
300462,2015-03-31T00:00:00Z,44433929.06,-113247199.57999998
300464,2015-03-31T00:00:00Z,79767943.96,-315542169.74
300466,2015-03-31T00:00:00Z,43629807.4,-209623674.28
300467,2015-03-31T00:00:00Z,42728977.42,-101516346.64999999
300468,2015-03-31T00:00:00Z,65298057.33,-250030771.47000003
300469,2015-03-31T00:00:00Z,24112034.05,-283977448.33
300470,2015-03-31T00:00:00Z,83427219.01,-249384055
300471,2015-03-31T00:00:00Z,157953758.73,-679214949.51
300475,2015-03-31T00:00:00Z,101748950.57,-291101649.43
300477,2015-03-31T00:00:00Z,148712915.43,-565522324.4100001
300478,2015-03-31T00:00:00Z,99608547.08,-440997357.89000005
300480,2015-03-31T00:00:00Z,22829788.72,-117530199.59
300481,2015-03-31T00:00:00Z,92557766.94,-299788990.24
300485,2015-03-31T00:00:00Z,132310908.29,-347901269.88
300487,2015-03-31T00:00:00Z,74352441.43,-179824394.98999998
300488,2015-03-31T00:00:00Z,36188629.25,-112750417.11000001
300489,2015-03-31T00:00:00Z,27789689.25,-129022879.93
300507,2015-03-31T00:00:00Z,138156373.62,-118516842.00999999
603022,2015-03-31T00:00:00Z,118654844.77,-302797576.89000005
603023,2015-03-31T00:00:00Z,40326787.6,-144191295.72
603066,2015-03-31T00:00:00Z,69612636.93,-354334135.87
603117,2015-03-31T00:00:00Z,98920832.95,-252101103
603198,2015-03-31T00:00:00Z,936973793.05,-2457986718.83
603398,2015-03-31T00:00:00Z,71658694.13,-177404330.47
603566,2015-03-31T00:00:00Z,129612970.34,-342468989.92999995
603567,2015-03-31T00:00:00Z,208745056.2,-1206060374.81
603568,2015-03-31T00:00:00Z,163069175.85,-367452583.88
603589,2015-03-31T00:00:00Z,738068938.88,-1709082294.5099998
603778,2015-03-31T00:00:00Z,65640708.04,-399392240.15999997
603789,2015-03-31T00:00:00Z,117843744.06,-489046043.02000004
603838,2015-03-31T00:00:00Z,112738709.84,-344640467.41999996
603861,2015-03-31T00:00:00Z,265204705.65,-600852141.11
603885,2015-03-31T00:00:00Z,1956667353.19,-3972819601.6
603918,2015-03-31T00:00:00Z,40088143.35,-540370060.8299999
603968,2015-03-31T00:00:00Z,327315822.8,-936248334.8199999
603979,2015-03-31T00:00:00Z,556498282.64,-2080869549.6200004
603989,2015-03-31T00:00:00Z,278547210.05,-776021310.9100001
48,2015-06-30T00:00:00Z,1232026463.52,501076333.23
429,2015-06-30T00:00:00Z,1250134143.23,926912159
531,2015-06-30T00:00:00Z,1163837480.26,-1631800607.8300002
557,2015-06-30T00:00:00Z,287373665.29,283785665.06
615,2015-06-30T00:00:00Z,1065000238.49,699810076.3
809,2015-06-30T00:00:00Z,12508561.52,-173063117.7
852,2015-06-30T00:00:00Z,2406763370.42,-988881727.7599998
958,2015-06-30T00:00:00Z,1434099730.68,968171452.6000001
2357,2015-06-30T00:00:00Z,645406533.87,450175627.11
2517,2015-06-30T00:00:00Z,1168765090.08,1008245573.3599999
2568,2015-06-30T00:00:00Z,1688045389.67,1241983186.5500002
2780,2015-06-30T00:00:00Z,135200693.84,-100671298.29999998
2782,2015-06-30T00:00:00Z,360311492.81,-332999391.35999995
2783,2015-06-30T00:00:00Z,410637913.19,-508349573.67
2785,2015-06-30T00:00:00Z,284377957.96,-497192137.34
2788,2015-06-30T00:00:00Z,3159385516.71,-1527966920.17
2790,2015-06-30T00:00:00Z,388813551.68,-203221482.16000003
300032,2015-06-30T00:00:00Z,1322953644,1038944536.27
300059,2015-06-30T00:00:00Z,1569961925.43,1369810277.72
300071,2015-06-30T00:00:00Z,1644684985.12,1003132773.5499998
300108,2015-06-30T00:00:00Z,351246294.4,262896966.69
300163,2015-06-30T00:00:00Z,346110408.96,214466305.59999996
300282,2015-06-30T00:00:00Z,705996201.02,600663113.3399999
600090,2015-06-30T00:00:00Z,3764370216.15,3133090967.4700003
600236,2015-06-30T00:00:00Z,5157744264.55,2659751225.4100003
600346,2015-06-30T00:00:00Z,7508093745.78,7122490513.929999
600458,2015-06-30T00:00:00Z,5557922193.33,3376474532.36
600482,2015-06-30T00:00:00Z,9293677658.48,6463759075.469999
600682,2015-06-30T00:00:00Z,6919862394.22,5215056002.29
600708,2015-06-30T00:00:00Z,5274647888.32,3229455057.08
600758,2015-06-30T00:00:00Z,2845287450.21,2698331607.84
600967,2015-06-30T00:00:00Z,840843326.82,-875382889.8100001
600981,2015-06-30T00:00:00Z,18323528601.48,13798732281.939999
601872,2015-06-30T00:00:00Z,2881323172.55,1690586673.2400002
601900,2015-06-30T00:00:00Z,2000099581.85,-1178344718.15
603398,2015-06-30T00:00:00Z,142007139.35,-136107002.51000002
603696,2015-06-30T00:00:00Z,124666056.73,-180522237.70999998
603778,2015-06-30T00:00:00Z,240506114.78,-344853728.88
603936,2015-06-30T00:00:00Z,514873159.11,-318385574.15
48,2015-09-30T00:00:00Z,1784888141.84,527500004.01
151,2015-09-30T00:00:00Z,595919574.48,-1137783389.84
408,2015-09-30T00:00:00Z,1668436304.13,1616515659.8600001
429,2015-09-30T00:00:00Z,1964338360.43,1275621468.5700002
531,2015-09-30T00:00:00Z,1751117945.05,-2013843989.68
557,2015-09-30T00:00:00Z,430030633.85,425335708.6
591,2015-09-30T00:00:00Z,2280331934.14,-1370438382.96
615,2015-09-30T00:00:00Z,1809725315.21,554985359.98
712,2015-09-30T00:00:00Z,18104338.63,-22269312.080000002
718,2015-09-30T00:00:00Z,5233543401.75,3984270855.7200003
809,2015-09-30T00:00:00Z,23265718.5,-168137634.32
852,2015-09-30T00:00:00Z,3456949192.93,-1958083627.0900006
920,2015-09-30T00:00:00Z,663720166.92,-851891362.89
931,2015-09-30T00:00:00Z,684346781.14,-1143941572.0500002
958,2015-09-30T00:00:00Z,1907581950.27,1339560485.8
2027,2015-09-30T00:00:00Z,6348685775.51,6066931038.01
2054,2015-09-30T00:00:00Z,1719337697.39,838575871.3100001
2076,2015-09-30T00:00:00Z,543858132.86,208439462.04000002
2080,2015-09-30T00:00:00Z,6626098119.91,3791183261.1
2099,2015-09-30T00:00:00Z,1876287814.45,1035692125.2900001
2167,2015-09-30T00:00:00Z,288874743.83,-289274531.71
2168,2015-09-30T00:00:00Z,135117144.47,-113690723.33000001
2169,2015-09-30T00:00:00Z,919717182.79,493568605.45
2193,2015-09-30T00:00:00Z,894518204.78,488633349.97999996
2198,2015-09-30T00:00:00Z,318637415.94,-76285138.30000001
2238,2015-09-30T00:00:00Z,1305059008.64,349018845.0100001
2239,2015-09-30T00:00:00Z,1298020435.19,978778343.57
2252,2015-09-30T00:00:00Z,1491962535.26,665804941.98
2353,2015-09-30T00:00:00Z,1904797113.11,-1710401904.0600002
2357,2015-09-30T00:00:00Z,971679819.79,676195838.76
2470,2015-09-30T00:00:00Z,16235283908.27,5115022492.210001
2517,2015-09-30T00:00:00Z,1754666881.73,1508385846.47
2555,2015-09-30T00:00:00Z,3271224131.31,3057503971.04
2560,2015-09-30T00:00:00Z,835953756.46,422033359.77000004
2568,2015-09-30T00:00:00Z,2198475806.64,1448460963.96
2635,2015-09-30T00:00:00Z,1227927437.07,778502984.3199999
2785,2015-09-30T00:00:00Z,467335767.37,-298289173.96000004
2806,2015-09-30T00:00:00Z,222981420.66,-81358654.39000002
300005,2015-09-30T00:00:00Z,1941301442.74,933503718.48
300032,2015-09-30T00:00:00Z,2163624379.2,1660189648.9499998
300033,2015-09-30T00:00:00Z,767951913.23,607580905.1
300059,2015-09-30T00:00:00Z,2294607942.75,1963052564.5
300071,2015-09-30T00:00:00Z,2438989554.78,1358331265.5200002
300108,2015-09-30T00:00:00Z,535439641.54,360064521.43
300163,2015-09-30T00:00:00Z,518218717.22,273700036.90000004
300173,2015-09-30T00:00:00Z,346372720.97,183123106.17000002
300282,2015-09-30T00:00:00Z,1180749913.89,790241922.2500001
300288,2015-09-30T00:00:00Z,232146937.01,144070041.06
300356,2015-09-30T00:00:00Z,464170574.78,228151755.25999996
300509,2015-09-30T00:00:00Z,346020373.13,-74447744.07
300515,2015-09-30T00:00:00Z,140390026.32,-72779427.34
300519,2015-09-30T00:00:00Z,229740093.77,-38197894.53999999
300521,2015-09-30T00:00:00Z,127225837.7,-96532548.73
300535,2015-09-30T00:00:00Z,194250019.26,-72807994.86000001
600090,2015-09-30T00:00:00Z,5691204060.21,4671402832.2
600093,2015-09-30T00:00:00Z,1702600415.19,1399592239.63
600095,2015-09-30T00:00:00Z,160816197.18,-204132707.29000002
600139,2015-09-30T00:00:00Z,974604279.92,693340198.3699999
600212,2015-09-30T00:00:00Z,219552381.33,-296341646.35
600233,2015-09-30T00:00:00Z,7939100381.35,7305835579.43
600236,2015-09-30T00:00:00Z,7858466629.1,3685177490.3500004
600247,2015-09-30T00:00:00Z,771716840.77,754628235.43
600307,2015-09-30T00:00:00Z,43295089799.21,-38172876970.689995
600346,2015-09-30T00:00:00Z,13678628972.27,13061501959.54
600385,2015-09-30T00:00:00Z,170660963.66,-1032532160.92
600425,2015-09-30T00:00:00Z,1443751735.32,-722877018.8199999
600458,2015-09-30T00:00:00Z,8232269907.16,4557133399.91
600461,2015-09-30T00:00:00Z,2210762614.47,1171372326.2599998
600481,2015-09-30T00:00:00Z,2677146670.6,-2586993245.32
600482,2015-09-30T00:00:00Z,11105611293.78,6755701047.460001
600515,2015-09-30T00:00:00Z,5859172434.47,5128901195.940001
600575,2015-09-30T00:00:00Z,5561967111.84,-13250493882.36
600624,2015-09-30T00:00:00Z,529029115.64,-198732581.78999996
600666,2015-09-30T00:00:00Z,880140697.46,575576859.5600001
600682,2015-09-30T00:00:00Z,10261143520.54,7855245312.220001
600708,2015-09-30T00:00:00Z,7162472222.77,5063530225.88
600722,2015-09-30T00:00:00Z,445902511.71,-791039114.8899999
600747,2015-09-30T00:00:00Z,1825007863.02,1390624199.23
600758,2015-09-30T00:00:00Z,4132554061.05,3953956297.79
600810,2015-09-30T00:00:00Z,5727813920.22,-6792078365.05
600871,2015-09-30T00:00:00Z,36580781e3,-2597865e4
600879,2015-09-30T00:00:00Z,6342644990.47,3901698445.92
600891,2015-09-30T00:00:00Z,3168332329.94,2887763813.19
600967,2015-09-30T00:00:00Z,1057788741.08,-1045312884.66
601258,2015-09-30T00:00:00Z,39844753079,-6664964048
601872,2015-09-30T00:00:00Z,4551023830.88,2789584937.55
603028,2015-09-30T00:00:00Z,414242581.24,-193242523.81999993
603696,2015-09-30T00:00:00Z,190978736.21,-77050801.75999999
603779,2015-09-30T00:00:00Z,493804923.07,-217311173.29000002
603919,2015-09-30T00:00:00Z,822296709.59,-270785983.16999996
603958,2015-09-30T00:00:00Z,1403334738.65,-766043516.4099998
7,2015-12-31T00:00:00Z,98961463.99,-99136397.72000001
8,2015-12-31T00:00:00Z,1295076096.21,987894789.46
10,2015-12-31T00:00:00Z,957379300.71,727079625.36
25,2015-12-31T00:00:00Z,303726790.57,-161260737.23000002
28,2015-12-31T00:00:00Z,37819277959.01,13864946930.960003
65,2015-12-31T00:00:00Z,8105317336.55,5081216586.31
150,2015-12-31T00:00:00Z,1031226324.42,873553388.8699999
151,2015-12-31T00:00:00Z,1212434848.37,-1325524442.1100001
402,2015-12-31T00:00:00Z,15564750045.63,-6471135654.370001
408,2015-12-31T00:00:00Z,2728009744.68,2671364125.64
409,2015-12-31T00:00:00Z,2219587708.63,1901942153.43
429,2015-12-31T00:00:00Z,2657616508.59,1589603916.8600001
506,2015-12-31T00:00:00Z,1387828476.86,1030673209.6099999
519,2015-12-31T00:00:00Z,3939279644.27,1903546402.82
525,2015-12-31T00:00:00Z,4556568021.48,-2255931517.17
531,2015-12-31T00:00:00Z,2225944449.83,-2168526315.67
547,2015-12-31T00:00:00Z,1347495902.18,982793565.1700001
557,2015-12-31T00:00:00Z,599767989.73,591381944.2
609,2015-12-31T00:00:00Z,454676146.17,-163998132.07999998
615,2015-12-31T00:00:00Z,2413281318.67,512479200.1700001
657,2015-12-31T00:00:00Z,5857396542.52,-2522392185.12
663,2015-12-31T00:00:00Z,891661313.21,431655092.98
667,2015-12-31T00:00:00Z,4678805867.25,2573441937.87
668,2015-12-31T00:00:00Z,106620701.16,95797432.57
671,2015-12-31T00:00:00Z,22379969159.3,8485843457.769999
673,2015-12-31T00:00:00Z,492984466.5,470583616.12
691,2015-12-31T00:00:00Z,104716075.94,91587183.34
702,2015-12-31T00:00:00Z,1316880091.88,-484436878.6299999
802,2015-12-31T00:00:00Z,349352610.8,-71342234.76999998
809,2015-12-31T00:00:00Z,34380991.61,-228696369.51999998
837,2015-12-31T00:00:00Z,2548257966.03,-952768673.3799996
852,2015-12-31T00:00:00Z,5095526658.43,-3041039207.4799995
892,2015-12-31T00:00:00Z,474377206.69,474377206.69
901,2015-12-31T00:00:00Z,3890878312.33,2374196547.85
920,2015-12-31T00:00:00Z,904593628.97,-1157525256.8
931,2015-12-31T00:00:00Z,1078026319.58,-1956170606.0900002
957,2015-12-31T00:00:00Z,7113975873.04,3501997348.5099998
962,2015-12-31T00:00:00Z,1081011526.11,-1371584375.51
978,2015-12-31T00:00:00Z,499996211.06,-491379532.07
985,2015-12-31T00:00:00Z,789582737.45,-633260698.3299999
2054,2015-12-31T00:00:00Z,2366876006.87,1138371541
2058,2015-12-31T00:00:00Z,97964520.85,-25409991.35000001
2059,2015-12-31T00:00:00Z,1426497461.04,485021061.9
2071,2015-12-31T00:00:00Z,993443414.26,483312649.81
2072,2015-12-31T00:00:00Z,60350433.34,-649319946.38
2074,2015-12-31T00:00:00Z,2745496179.29,1731156120.6100001
2076,2015-12-31T00:00:00Z,801614967.54,359760867.35999995
2080,2015-12-31T00:00:00Z,9176276767.48,4751824353.259999
2091,2015-12-31T00:00:00Z,27720006617.74,21658666131.280003
2099,2015-12-31T00:00:00Z,2464495533.58,1145359795.79
2109,2015-12-31T00:00:00Z,2289748525.06,1341476602.6999998
2120,2015-12-31T00:00:00Z,5053474575.86,4122297256.3199997
2147,2015-12-31T00:00:00Z,1857943800.71,1499656985.18
2167,2015-12-31T00:00:00Z,564827787.84,-279667466.7099999
2190,2015-12-31T00:00:00Z,1623403551.43,684432797.97
2193,2015-12-31T00:00:00Z,982793002.23,404744250.38
2195,2015-12-31T00:00:00Z,1469914807.24,815830498.01
2198,2015-12-31T00:00:00Z,475805044.29,-90015161.21999997
2202,2015-12-31T00:00:00Z,30062099563.84,12357881523.369999
2207,2015-12-31T00:00:00Z,280653173.8,-130177390.58999997
2239,2015-12-31T00:00:00Z,2483559999.13,2033558036.8600001
2252,2015-12-31T00:00:00Z,2013321629.25,693586399.0999999
2267,2015-12-31T00:00:00Z,6790332448.63,1467873595.71
2337,2015-12-31T00:00:00Z,354219700.64,-367106625.41999996
2342,2015-12-31T00:00:00Z,1334488974.13,-219167789.54999995
2352,2015-12-31T00:00:00Z,48101154759.5,47288508862.6
2353,2015-12-31T00:00:00Z,2826572017.2,-1634030086.6500006
2357,2015-12-31T00:00:00Z,1291426753.51,206173726.52999997
2364,2015-12-31T00:00:00Z,841829703.51,240923234.65999997
2374,2015-12-31T00:00:00Z,1357490739.39,655567624.8000001
2400,2015-12-31T00:00:00Z,9628636706.95,3291049100.8900003
2409,2015-12-31T00:00:00Z,1005734423.61,-317330626.68999994
2414,2015-12-31T00:00:00Z,632348730.13,234368179.73000002
2433,2015-12-31T00:00:00Z,2371647775.65,1144011183.1100001
2468,2015-12-31T00:00:00Z,7711449453.22,5995487283.04
2487,2015-12-31T00:00:00Z,796455487.04,488946708.78
2494,2015-12-31T00:00:00Z,566909774.58,-266973089.4799999
2512,2015-12-31T00:00:00Z,1344300828.2,583620768.5600001
2517,2015-12-31T00:00:00Z,2339304540.69,1611502403.0900002
2523,2015-12-31T00:00:00Z,916752947.04,414757738.83
2528,2015-12-31T00:00:00Z,1813112569.9,833681138.0500001
2555,2015-12-31T00:00:00Z,4656787281.09,4058561907.73
2558,2015-12-31T00:00:00Z,1975769087.39,1459692529.63
2560,2015-12-31T00:00:00Z,1239539152.82,515657798.0799999
2568,2015-12-31T00:00:00Z,2351197709.72,1216892412.6399999
2602,2015-12-31T00:00:00Z,3025827440.49,1313597379.8399997
2608,2015-12-31T00:00:00Z,14882872108.14,12368862978.189999
2635,2015-12-31T00:00:00Z,1880430516.44,1149129896.5
2671,2015-12-31T00:00:00Z,491780579.56,-802863988.55
2689,2015-12-31T00:00:00Z,1593370137.28,-364619907.02
2719,2015-12-31T00:00:00Z,518144350.85,196781822.21000004
2830,2015-12-31T00:00:00Z,673452517.28,254798917.27999997
2831,2015-12-31T00:00:00Z,4289630574.6,3788739092.5699997
200706,2015-12-31T00:00:00Z,2300161296.48,-707417285.48
300005,2015-12-31T00:00:00Z,3807592035.26,2092350108.1700003
300021,2015-12-31T00:00:00Z,1160097898.43,370982849.19000006
300023,2015-12-31T00:00:00Z,332773585.93,242023314.5
300032,2015-12-31T00:00:00Z,3033641868.62,1807065886.1499999
300033,2015-12-31T00:00:00Z,1441944901.94,1176347824.27
300040,2015-12-31T00:00:00Z,758767188.51,569253512.93
300050,2015-12-31T00:00:00Z,696042386.18,248988053.55999994
300059,2015-12-31T00:00:00Z,2812712721.18,2200705716.63
300071,2015-12-31T00:00:00Z,3250056298.06,1690216996.26
300078,2015-12-31T00:00:00Z,852947002.75,361772230.04
300079,2015-12-31T00:00:00Z,1028872281.85,481551678.84000003
300085,2015-12-31T00:00:00Z,619663715.53,427539674.55999994
300105,2015-12-31T00:00:00Z,837764720.38,-800183252.16
300106,2015-12-31T00:00:00Z,599902012.38,-171477818.27999997
300108,2015-12-31T00:00:00Z,678400229.03,335137677.77
300140,2015-12-31T00:00:00Z,1193010727.47,925536622.97
300159,2015-12-31T00:00:00Z,1401038861.44,840127461.6500001
300163,2015-12-31T00:00:00Z,743446727.69,295557515.6700001
300173,2015-12-31T00:00:00Z,511858786.31,317060895.5
300199,2015-12-31T00:00:00Z,768263801.92,348835641.31999993
300248,2015-12-31T00:00:00Z,510443267.47,195082405.62
300249,2015-12-31T00:00:00Z,877287193.04,388072944.21
300250,2015-12-31T00:00:00Z,366387312.51,135157486.10999998
300282,2015-12-31T00:00:00Z,1635730742.83,811957980.8399999
300287,2015-12-31T00:00:00Z,1356148025.89,675249425.7200001
300288,2015-12-31T00:00:00Z,316626488.83,195285536.73999998
300301,2015-12-31T00:00:00Z,1418532229.21,497340657.1
300302,2015-12-31T00:00:00Z,361116420.56,114583472.34
300319,2015-12-31T00:00:00Z,678898341.21,458399682.33000004
300336,2015-12-31T00:00:00Z,1026087420.65,405401147.59000003
300352,2015-12-31T00:00:00Z,470015347.51,207281708.20999998
300354,2015-12-31T00:00:00Z,114193767.1,22965706.599999994
300356,2015-12-31T00:00:00Z,707673703.5,364326807.53
300526,2015-12-31T00:00:00Z,370678166.33,90912741.13
300528,2015-12-31T00:00:00Z,1437268066.13,573293566.1300001
600061,2015-12-31T00:00:00Z,2280719675.68,-2771113146.9100003
600072,2015-12-31T00:00:00Z,5228798270.73,4249054427.24
600090,2015-12-31T00:00:00Z,7944819211.13,6812654340.4
600093,2015-12-31T00:00:00Z,5135917220.88,4730908874.4
600127,2015-12-31T00:00:00Z,2285243577.06,604339510.19
600136,2015-12-31T00:00:00Z,431174298.46,360205254.01
600137,2015-12-31T00:00:00Z,205195869.98,-125461389.26000002
600139,2015-12-31T00:00:00Z,1468033208.46,1005491248.19
600167,2015-12-31T00:00:00Z,1763234935.83,1101749475.4
600179,2015-12-31T00:00:00Z,3087871412.32,2007690673.7000003
600187,2015-12-31T00:00:00Z,474704839.61,-245222377.66999996
600191,2015-12-31T00:00:00Z,32767224.12,-244208371.94
600212,2015-12-31T00:00:00Z,272220737.1,-394250511.13
600215,2015-12-31T00:00:00Z,372888466.21,-618350023.74
600225,2015-12-31T00:00:00Z,632760117.2,-1914914060.8999999
600233,2015-12-31T00:00:00Z,12096002553.44,11177442760.33
600247,2015-12-31T00:00:00Z,1005898146.19,983220601.2800001
600248,2015-12-31T00:00:00Z,3817303254.02,-1377669353.5899997
600261,2015-12-31T00:00:00Z,4257924354.6,1006737056.9699998
600269,2015-12-31T00:00:00Z,5501600703.6,1421092603.7100005
600307,2015-12-31T00:00:00Z,54776796200.53,-40976399895.990005
600312,2015-12-31T00:00:00Z,6749976434.62,2144149934.37
600339,2015-12-31T00:00:00Z,65222610898.1,62596208404.61
600346,2015-12-31T00:00:00Z,18507224047.56,17631168413.170002
600385,2015-12-31T00:00:00Z,638757198.81,-1389840905.31
600390,2015-12-31T00:00:00Z,12712406371.76,11408517206.99
600415,2015-12-31T00:00:00Z,5698189844.82,1854907669.9499998
600420,2015-12-31T00:00:00Z,8987612304.14,6238776635.44
600425,2015-12-31T00:00:00Z,1754772942.04,-976604027.4099998
600458,2015-12-31T00:00:00Z,10825107108.04,4817330191.280001
600461,2015-12-31T00:00:00Z,3090354433.94,1641876210.6100001
600481,2015-12-31T00:00:00Z,3116452967.03,-3908847119.7999997
600482,2015-12-31T00:00:00Z,17951899505.09,12203876907.05
600506,2015-12-31T00:00:00Z,57865834.04,-53943895.669999994
600515,2015-12-31T00:00:00Z,8677583001.1,7561960652.990001
600530,2015-12-31T00:00:00Z,251746181.42,-85893011.37000003
600570,2015-12-31T00:00:00Z,2225532407.47,803693272.3499999
600603,2015-12-31T00:00:00Z,880727770.3,831923202.93
600606,2015-12-31T00:00:00Z,207256594799.38,-54425102923.649994
600608,2015-12-31T00:00:00Z,190171631.8,-406832389.28000003
600624,2015-12-31T00:00:00Z,717652849.6,-290244946.38
600634,2015-12-31T00:00:00Z,1841061557.83,-982207054.21
600651,2015-12-31T00:00:00Z,5071811168.85,2937664291.5700006
600657,2015-12-31T00:00:00Z,8135592908.88,3285099117.37
600681,2015-12-31T00:00:00Z,1415106306.18,1355227115.43
600682,2015-12-31T00:00:00Z,15852945244.27,8025169943.3
600683,2015-12-31T00:00:00Z,8436076254.04,4949902879.66
600710,2015-12-31T00:00:00Z,41478743832.19,40313811548.36
600715,2015-12-31T00:00:00Z,766854325.68,756238140.3499999
600717,2015-12-31T00:00:00Z,15402416822.53,-10125881995.519999
600722,2015-12-31T00:00:00Z,600026066.11,-807799345.4899999
600747,2015-12-31T00:00:00Z,1902400002.54,1442100012.9299998
600757,2015-12-31T00:00:00Z,11889358176.91,7200107450.0199995
600834,2015-12-31T00:00:00Z,774049308.13,29469631.71000004
600848,2015-12-31T00:00:00Z,1604885722.48,765757828.29
600871,2015-12-31T00:00:00Z,60349334e3,-34131707e3
600879,2015-12-31T00:00:00Z,11004146828.32,6102348566.11
600900,2015-12-31T00:00:00Z,47434965001.27,20537172401.269997
600967,2015-12-31T00:00:00Z,10036403028.15,7052762081.33
600990,2015-12-31T00:00:00Z,2498138626.02,813610319.45
601231,2015-12-31T00:00:00Z,27260058959.37,11387057957.359999
601808,2015-12-31T00:00:00Z,23653980112,-10066205188
601872,2015-12-31T00:00:00Z,6157025503.45,3554875154.04
601985,2015-12-31T00:00:00Z,26202031122.49,7401287441.630001
603359,2015-12-31T00:00:00Z,878742853.39,745929420.53
409,2016-03-31T00:00:00Z,574457757.43,514629429.04999995
524,2016-03-31T00:00:00Z,1308431971,1235398830.84
2239,2016-03-31T00:00:00Z,1194721866.52,1068760001.73
2799,2016-03-31T00:00:00Z,88828812.7,-302986419.24
2809,2016-03-31T00:00:00Z,76279202.89,-453702885.58000004
2810,2016-03-31T00:00:00Z,125711695.21,-333463420.72
2811,2016-03-31T00:00:00Z,417275775.62,-1148249367.15
2812,2016-03-31T00:00:00Z,218001965.72,-909361605.1800001
2813,2016-03-31T00:00:00Z,201174997.38,-766503071.26
2816,2016-03-31T00:00:00Z,44146290.22,-353555253.76
2818,2016-03-31T00:00:00Z,311662505.71,-423999783.24000007
2819,2016-03-31T00:00:00Z,117246560.04,-409713386.97999996
2820,2016-03-31T00:00:00Z,139478983,-322893216
2822,2016-03-31T00:00:00Z,561892699.94,-1680636900.06
2824,2016-03-31T00:00:00Z,152443087.59,-504392112.40999997
2825,2016-03-31T00:00:00Z,108219008.49,-363779379.68
2829,2016-03-31T00:00:00Z,27442386.67,-219658470.45
2830,2016-03-31T00:00:00Z,92466098.99,-569934904.85
2838,2016-03-31T00:00:00Z,171551315.5,-328595985.58
2843,2016-03-31T00:00:00Z,57266773.01,-219949494.14
2847,2016-03-31T00:00:00Z,181543076.19,-270633858.79
2848,2016-03-31T00:00:00Z,251274420.35,-745209912.36
300513,2016-03-31T00:00:00Z,21285516.42,-328326022.28999996
300526,2016-03-31T00:00:00Z,87351941.83,-201432606.02000004
300527,2016-03-31T00:00:00Z,247219973.63,-1141120018.1999998
300530,2016-03-31T00:00:00Z,27287512.78,-106688321.96
300531,2016-03-31T00:00:00Z,74166112.76,-142215714.05
300534,2016-03-31T00:00:00Z,46165129.02,-228724562.42
300536,2016-03-31T00:00:00Z,45186859.09,-239568854.20000002
300537,2016-03-31T00:00:00Z,58551605.06,-209918659.23000002
300538,2016-03-31T00:00:00Z,166604722.72,-635417543.67
300539,2016-03-31T00:00:00Z,80477083.41,-322578906
300541,2016-03-31T00:00:00Z,99614511.56,-879478403.75
300542,2016-03-31T00:00:00Z,72409493.05,-312026174.95
300546,2016-03-31T00:00:00Z,17993807.38,-155626841.65
300547,2016-03-31T00:00:00Z,103637350.76,-295976784.63
300548,2016-03-31T00:00:00Z,78852741.12,-122300728.41
300550,2016-03-31T00:00:00Z,20941065.45,-118890934.55
300551,2016-03-31T00:00:00Z,15109924.47,-228991967.7
300553,2016-03-31T00:00:00Z,18029241.42,-72726330.82
300555,2016-03-31T00:00:00Z,77907786.67,-194623164.81
300556,2016-03-31T00:00:00Z,42121218.78,-233078781.22
300559,2016-03-31T00:00:00Z,14971904.44,-193816360.4
300560,2016-03-31T00:00:00Z,83149513.74,-161591307.47000003
300563,2016-03-31T00:00:00Z,55463077.88,-195912832.62
300565,2016-03-31T00:00:00Z,163402884.28,-270681969.90999997
300572,2016-03-31T00:00:00Z,60639800.47,-158409716.55
300576,2016-03-31T00:00:00Z,63179523.23,-180235816.25
300579,2016-03-31T00:00:00Z,54052057.03,-215090508.6
300580,2016-03-31T00:00:00Z,127109769.21,-248641278.03000003
300581,2016-03-31T00:00:00Z,29304327.38,-117368672.62
300587,2016-03-31T00:00:00Z,38113688.51,-209048407.70000002
300592,2016-03-31T00:00:00Z,39805588.98,-378888826.46
300593,2016-03-31T00:00:00Z,83412210.31,-148590008.69
300597,2016-03-31T00:00:00Z,62648175.35,-254370036.42999998
300598,2016-03-31T00:00:00Z,119957048.49,-121344370.73
300599,2016-03-31T00:00:00Z,212249302.9,-1058547306.83
300605,2016-03-31T00:00:00Z,40507242.53,-220441535.12
300606,2016-03-31T00:00:00Z,37886263.16,-159875522.05
300609,2016-03-31T00:00:00Z,5919113.97,-79726543.42
300610,2016-03-31T00:00:00Z,124746583.42,-397043750.33
300611,2016-03-31T00:00:00Z,82419340.7,-107060259.3
300615,2016-03-31T00:00:00Z,55820692.84,-113516164.47
600093,2016-03-31T00:00:00Z,2643153019.31,2548300190.22
600339,2016-03-31T00:00:00Z,6194310849.36,5677358497.04
600390,2016-03-31T00:00:00Z,1979562004.35,1678900809.76
600420,2016-03-31T00:00:00Z,2168912652.67,1400811602.93
600515,2016-03-31T00:00:00Z,1929969652.58,1574470349
600967,2016-03-31T00:00:00Z,2046818923.26,1710899540.13
600977,2016-03-31T00:00:00Z,2017212311.52,-3942866795.1200004
601163,2016-03-31T00:00:00Z,1584385621.98,-7580414922.73
601500,2016-03-31T00:00:00Z,554034643.36,-3163075575.5099998
601595,2016-03-31T00:00:00Z,273825821.07,-429123331.38000005
601811,2016-03-31T00:00:00Z,1341976361.72,-4073727938.2799997
601882,2016-03-31T00:00:00Z,238360872.91,-643674653.63
601966,2016-03-31T00:00:00Z,2231948294.72,-8046236975.280001
603007,2016-03-31T00:00:00Z,55138144.8,-455286528.56
603016,2016-03-31T00:00:00Z,84365637.96,-313450783.29
603031,2016-03-31T00:00:00Z,446556852.84,-843450879.1400001
603032,2016-03-31T00:00:00Z,59653624.75,-404595521.53
603038,2016-03-31T00:00:00Z,81764549.61,-350976574.09
603060,2016-03-31T00:00:00Z,124302689.18,-360605253.04
603067,2016-03-31T00:00:00Z,168746693.46,-456179581.41999996
603069,2016-03-31T00:00:00Z,331808963.18,-993837272.26
603131,2016-03-31T00:00:00Z,96219039.24,-382886335.94
603159,2016-03-31T00:00:00Z,102027717.59,-312121955.30999994
603203,2016-03-31T00:00:00Z,55933875.97,-124953524.03
603258,2016-03-31T00:00:00Z,139702441.9,-331332633.48
603266,2016-03-31T00:00:00Z,185228390.86,-458632965.54999995
603319,2016-03-31T00:00:00Z,120244327.44,-331709904.84
603336,2016-03-31T00:00:00Z,124895827.66,-336985865.21000004
603358,2016-03-31T00:00:00Z,510653894.48,-1552446382.46
603360,2016-03-31T00:00:00Z,82902275.26,-208475630.81
603393,2016-03-31T00:00:00Z,234654452.13,-538905547.87
603421,2016-03-31T00:00:00Z,169664908.59,-485272866.23
603515,2016-03-31T00:00:00Z,866332049.36,-2523711645.8199997
603559,2016-03-31T00:00:00Z,58486970.17,-296354742.9
603667,2016-03-31T00:00:00Z,242322940.42,-612336759.58
603668,2016-03-31T00:00:00Z,132329705.06,-418296987.55
603690,2016-03-31T00:00:00Z,35478392.73,-166755707.27
603716,2016-03-31T00:00:00Z,138214291.72,-253965726.04999998
603717,2016-03-31T00:00:00Z,47279882.03,-657758209.8100001
603738,2016-03-31T00:00:00Z,63066057.17,-143366656.86
603777,2016-03-31T00:00:00Z,1026227337.86,-1723393562.1399999
603816,2016-03-31T00:00:00Z,898660747.55,-1783087452.45
603817,2016-03-31T00:00:00Z,81581612.01,-98676101.05
603819,2016-03-31T00:00:00Z,131593894.4,-434724034.87
603839,2016-03-31T00:00:00Z,259440219.63,-881346257.9899999
603858,2016-03-31T00:00:00Z,2001632824.61,-6590065988.920001
603859,2016-03-31T00:00:00Z,6311188.99,-237835288.62
603877,2016-03-31T00:00:00Z,1358565147.92,-2472602252.08
603881,2016-03-31T00:00:00Z,89841306.44,-110261312.58000001
603886,2016-03-31T00:00:00Z,236622991.83,-1217239148.1100001
603887,2016-03-31T00:00:00Z,170426796.77,-337804603.23
603900,2016-03-31T00:00:00Z,444162734.42,-718092235.6899998
603909,2016-03-31T00:00:00Z,61058104.48,-177950051.36
603977,2016-03-31T00:00:00Z,66503613.64,-467834982.65000004
603986,2016-03-31T00:00:00Z,308554817.22,-638168384.87
603987,2016-03-31T00:00:00Z,229907914.32,-702040381.4000001
5,2016-06-30T00:00:00Z,189952624.19,153667284.99
28,2016-06-30T00:00:00Z,20562402047.82,7748598881.049999
34,2016-06-30T00:00:00Z,11710253508.19,11500582172.09
46,2016-06-30T00:00:00Z,9335621491.16,7185178324.639999
48,2016-06-30T00:00:00Z,742674038.33,-489352425.18999994
58,2016-06-30T00:00:00Z,724213525,349658389.39
409,2016-06-30T00:00:00Z,1366204388.28,1221325650.6599998
524,2016-06-30T00:00:00Z,2574585956.14,2428611582.66
557,2016-06-30T00:00:00Z,146513642.74,-140860022.55
565,2016-06-30T00:00:00Z,1099041637.95,861092796.33
663,2016-06-30T00:00:00Z,638999414.47,447330990.02000004
676,2016-06-30T00:00:00Z,653317823.7,487612574.18000007
687,2016-06-30T00:00:00Z,972190965.1,655184733.6500001
693,2016-06-30T00:00:00Z,1134982274.68,-4427963268.59
802,2016-06-30T00:00:00Z,156102359.91,69545808.16
852,2016-06-30T00:00:00Z,1472003680.81,-934759689.6100001
863,2016-06-30T00:00:00Z,3995822264.89,3778255072.93
892,2016-06-30T00:00:00Z,253148497.96,253148497.96
901,2016-06-30T00:00:00Z,2450696374.86,1636448107.7200003
989,2016-06-30T00:00:00Z,1261123569.19,851690218.4100001
2074,2016-06-30T00:00:00Z,2399383025.9,1507781277.5700002
2091,2016-06-30T00:00:00Z,13274967602.32,10363860537.31
2133,2016-06-30T00:00:00Z,2975641929.86,2391009417.5
2173,2016-06-30T00:00:00Z,372874639.96,296341211.15999997
2176,2016-06-30T00:00:00Z,1321831936.51,918184483.55
2239,2016-06-30T00:00:00Z,2455366741.48,1759700933.6399999
2289,2016-06-30T00:00:00Z,683534189.77,-803027869.0999999
2314,2016-06-30T00:00:00Z,3424879663.89,2235177753.8599997
2352,2016-06-30T00:00:00Z,26087059995.6,25729770855.48
2426,2016-06-30T00:00:00Z,7213897694.89,5781201741.51
2452,2016-06-30T00:00:00Z,539658525.6,348244206.28000003
2468,2016-06-30T00:00:00Z,4418341851.91,3716301037.8399997
2502,2016-06-30T00:00:00Z,355380446.23,191019933.93
2509,2016-06-30T00:00:00Z,1035739209.22,675330953.31
2512,2016-06-30T00:00:00Z,1469515369.15,1057453294.0500001
2523,2016-06-30T00:00:00Z,423390061.67,199512553.31
2568,2016-06-30T00:00:00Z,419635040.41,-1268410349.26
2608,2016-06-30T00:00:00Z,7511509230.54,6484105780.72
2809,2016-06-30T00:00:00Z,192688075.93,-350765252.14000005
2810,2016-06-30T00:00:00Z,276943495.79,-241800113.33999997
2811,2016-06-30T00:00:00Z,895546601.42,-894454512.4399999
2812,2016-06-30T00:00:00Z,510972379.77,-705996310.76
2813,2016-06-30T00:00:00Z,383227967.1,-599361430.0799999
2816,2016-06-30T00:00:00Z,151667735.92,-208055828.28
2817,2016-06-30T00:00:00Z,141667681.44,-127285506.45999998
2819,2016-06-30T00:00:00Z,313626390.19,-188758403.83999997
2820,2016-06-30T00:00:00Z,240783757,-219407794
2822,2016-06-30T00:00:00Z,1134753446.91,-1307335853.09
2824,2016-06-30T00:00:00Z,369265836.83,-325839863.17
2825,2016-06-30T00:00:00Z,257419720.64,-318456155.28
2829,2016-06-30T00:00:00Z,95664826.28,-165276280.66
2830,2016-06-30T00:00:00Z,276857065.03,-428003651.73
2835,2016-06-30T00:00:00Z,240430509.71,-178733890.29
2836,2016-06-30T00:00:00Z,111968206.3,-226675288.05
2843,2016-06-30T00:00:00Z,122325657.93,-177777807.96999997
2847,2016-06-30T00:00:00Z,328782333.81,-181617210.43
300031,2016-06-30T00:00:00Z,697105395.25,458649738.18
300059,2016-06-30T00:00:00Z,656964515.17,-912997410.2600001
300242,2016-06-30T00:00:00Z,1300440083.54,925695795.72
300313,2016-06-30T00:00:00Z,210347880.87,159887989.58
300319,2016-06-30T00:00:00Z,599581385.8,491513350.89
300534,2016-06-30T00:00:00Z,123376671.51,-178198615.03000003
300536,2016-06-30T00:00:00Z,180771071.29,-131802468.47
300538,2016-06-30T00:00:00Z,392441136.69,-431929808.09999996
300539,2016-06-30T00:00:00Z,184611062.09,-190583113.09
300541,2016-06-30T00:00:00Z,381222335.19,-757864523.48
300546,2016-06-30T00:00:00Z,101603283.55,-126675357.35000001
300547,2016-06-30T00:00:00Z,237522466.96,-183467406.80999997
300550,2016-06-30T00:00:00Z,95588338.33,-131587061.67
300551,2016-06-30T00:00:00Z,112375976.21,-215026293.92000002
300553,2016-06-30T00:00:00Z,52390451.97,-45813958.519999996
300555,2016-06-30T00:00:00Z,162275122.2,-151449655.91000003
300556,2016-06-30T00:00:00Z,177873833.94,-158105866.06
300559,2016-06-30T00:00:00Z,80972644.64,-98326389.36999999
300560,2016-06-30T00:00:00Z,167123606.05,-91528983.69
300563,2016-06-30T00:00:00Z,137181615.43,-105817772.66
300565,2016-06-30T00:00:00Z,343295436.86,-147228216.16999996
300572,2016-06-30T00:00:00Z,147933929.24,-92885363.59
300573,2016-06-30T00:00:00Z,165417770.03,-53213659.74000001
300576,2016-06-30T00:00:00Z,144260498.99,-130711846.87
300578,2016-06-30T00:00:00Z,124758060.92,-106427539.08
300579,2016-06-30T00:00:00Z,147596267.17,-162229634.59
300580,2016-06-30T00:00:00Z,252758866.15,-190184965.04
300587,2016-06-30T00:00:00Z,140851067.57,-141554088.61
300592,2016-06-30T00:00:00Z,172199568.21,-263546066.35999998
300597,2016-06-30T00:00:00Z,163528472.62,-231626339.90999997
300598,2016-06-30T00:00:00Z,253462789.52,-99579864.04999998
300599,2016-06-30T00:00:00Z,504224014.89,-817708453.39
300605,2016-06-30T00:00:00Z,127138166.23,-161405349.53999996
300606,2016-06-30T00:00:00Z,100937593.76,-128802285.82000001
300609,2016-06-30T00:00:00Z,46318066.09,-66719815.55
300610,2016-06-30T00:00:00Z,273898917.59,-312059069.3600001
300611,2016-06-30T00:00:00Z,159699338.23,-77005761.77000001
300615,2016-06-30T00:00:00Z,117255580.67,-149093681.54000002
300631,2016-06-30T00:00:00Z,68005626.04,-204803873.95999998
600061,2016-06-30T00:00:00Z,308356134.78,-1676536038.1200001
600072,2016-06-30T00:00:00Z,2428583006.87,1987061561.54
600093,2016-06-30T00:00:00Z,6601472174.87,6420498870.19
600211,2016-06-30T00:00:00Z,252253064.16,-663242159.0400001
600233,2016-06-30T00:00:00Z,7426509078.89,6989410499.7300005
600339,2016-06-30T00:00:00Z,17804070763.87,16953038330.13
600389,2016-06-30T00:00:00Z,3227658416.21,1664847008.52
600390,2016-06-30T00:00:00Z,5212747177.97,4558075932.34
600415,2016-06-30T00:00:00Z,4296050841.95,2610502401.84
600420,2016-06-30T00:00:00Z,4581792821.21,3138795944.9700003
600485,2016-06-30T00:00:00Z,2421461652.06,1948008364.36
600502,2016-06-30T00:00:00Z,16569972802.08,12065718910
600511,2016-06-30T00:00:00Z,16674577196.06,10734851591.21
600515,2016-06-30T00:00:00Z,2799348702.89,2149720277.04
600603,2016-06-30T00:00:00Z,236797709.45,219171396.91
600651,2016-06-30T00:00:00Z,3027196879.18,1553395864.4199998
600675,2016-06-30T00:00:00Z,7343733189.84,6071147462.33
600715,2016-06-30T00:00:00Z,853215119.7,852389911.83
600734,2016-06-30T00:00:00Z,712196589.16,657280907.4
600747,2016-06-30T00:00:00Z,1459673276,1032428171.54
600757,2016-06-30T00:00:00Z,7263173556.92,4582387577.139999
600879,2016-06-30T00:00:00Z,4710524608.65,2926820422.8499994
600967,2016-06-30T00:00:00Z,4583135816.64,3742292489.82
600981,2016-06-30T00:00:00Z,13416819276.55,-4906709324.93
601212,2016-06-30T00:00:00Z,28730178103.65,-5437148049.34
601500,2016-06-30T00:00:00Z,1521071470.01,-1981001111.6000001
601866,2016-06-30T00:00:00Z,8668889188.18,-9532483384.23
601882,2016-06-30T00:00:00Z,517351491.08,-496589332.92
603031,2016-06-30T00:00:00Z,768058976.62,-610263774.9499999
603032,2016-06-30T00:00:00Z,120759138.77,-274299897.89000005
603036,2016-06-30T00:00:00Z,106348726.04,-197819933.41999996
603038,2016-06-30T00:00:00Z,236642723.05,-230547188.3
603060,2016-06-30T00:00:00Z,283257330.21,-245552350.53000003
603067,2016-06-30T00:00:00Z,410819822.67,-408215692.04
603258,2016-06-30T00:00:00Z,247315512.02,-226275260.77
603266,2016-06-30T00:00:00Z,370002033.52,-272596661.3000001
603319,2016-06-30T00:00:00Z,258488825.65,-214448194.74999997
603336,2016-06-30T00:00:00Z,301377425.08,-216730007.14000005
603358,2016-06-30T00:00:00Z,1241291878.65,-984659180.81
603360,2016-06-30T00:00:00Z,187287220.83,-159348589.36999997
603389,2016-06-30T00:00:00Z,247293369.19,-293534971.36999995
603393,2016-06-30T00:00:00Z,399059371.83,-613574928.1700001
603421,2016-06-30T00:00:00Z,512204775.68,-480177363.54
603559,2016-06-30T00:00:00Z,177109828.43,-194365174.95999998
603615,2016-06-30T00:00:00Z,326892333.94,-285995578.16
603633,2016-06-30T00:00:00Z,159153489.85,-150316347.84
603656,2016-06-30T00:00:00Z,162039798.25,-48102087.47
603667,2016-06-30T00:00:00Z,527914788.35,-395260811.65
603668,2016-06-30T00:00:00Z,347924321.6,-351471162.61
603708,2016-06-30T00:00:00Z,5408586404.76,-3566766360.41
603738,2016-06-30T00:00:00Z,163677848.84,-83020251.4
603777,2016-06-30T00:00:00Z,1704249546.5,-1153355053.5
603817,2016-06-30T00:00:00Z,161896483.39,-87774001.15
603823,2016-06-30T00:00:00Z,681881273.64,-497877226.36
603839,2016-06-30T00:00:00Z,529135289.8,-642979545.96
603858,2016-06-30T00:00:00Z,5150769091.42,-5182847010.82
603859,2016-06-30T00:00:00Z,82533223.84,-140974430.45
603877,2016-06-30T00:00:00Z,2497148610.54,-2501904689.46
603886,2016-06-30T00:00:00Z,584188370.62,-894134644.11
603887,2016-06-30T00:00:00Z,325744918.96,-232576881.04000002
603900,2016-06-30T00:00:00Z,843579023.17,-588844890.85
603977,2016-06-30T00:00:00Z,203297492.33,-368268573.13
603987,2016-06-30T00:00:00Z,508831317.75,-473961512.85
5,2016-09-30T00:00:00Z,350496893.11,304739727.67
22,2016-09-30T00:00:00Z,1775434714.83,384829704.1899998
28,2016-09-30T00:00:00Z,31109196184.17,11429389640.629997
34,2016-09-30T00:00:00Z,23822317957.58,23490524063.93
40,2016-09-30T00:00:00Z,2386438919.4,1702327556.6100001
46,2016-09-30T00:00:00Z,14609372180.32,10190611028.52
48,2016-09-30T00:00:00Z,1191045939.65,-593842202.1899998
58,2016-09-30T00:00:00Z,1027515399.9,458175783.99
65,2016-09-30T00:00:00Z,5974700883.33,4270132230.67
70,2016-09-30T00:00:00Z,3258664783.37,1553433823.86
409,2016-09-30T00:00:00Z,2103491988.13,1420488021.2800002
505,2016-09-30T00:00:00Z,5981423571.13,5793230692.68
524,2016-09-30T00:00:00Z,4357733395.27,4132238671.9000006
526,2016-09-30T00:00:00Z,819093248.98,800294233.9
534,2016-09-30T00:00:00Z,31340486.52,-430421722.44
544,2016-09-30T00:00:00Z,682798656.16,217365674.89
553,2016-09-30T00:00:00Z,17105727e3,15312176664.99
557,2016-09-30T00:00:00Z,260361591.07,-169669042.78000003
565,2016-09-30T00:00:00Z,2046449736.66,1677227933.71
615,2016-09-30T00:00:00Z,827428850,-982296465.21
656,2016-09-30T00:00:00Z,21290445559.63,10188468256.570002
662,2016-09-30T00:00:00Z,655635119.35,322721246.71000004
663,2016-09-30T00:00:00Z,1111163420.76,743491147.81
673,2016-09-30T00:00:00Z,500572293.1,272538273.8
676,2016-09-30T00:00:00Z,1475225527.49,1227886629.43
687,2016-09-30T00:00:00Z,1194702311.92,618417736.8800001
693,2016-09-30T00:00:00Z,1796990427.43,-7184067949.82
710,2016-09-30T00:00:00Z,645156896.74,493974855.92
711,2016-09-30T00:00:00Z,29710502.07,-28269281.97
720,2016-09-30T00:00:00Z,1802175718.46,-630130470.0799999
736,2016-09-30T00:00:00Z,1768049494.97,1388330022.19
766,2016-09-30T00:00:00Z,522850323.74,380022760.70000005
802,2016-09-30T00:00:00Z,256266738.94,70537229.97999999
852,2016-09-30T00:00:00Z,2191608268.17,-1265340924.7599998
863,2016-09-30T00:00:00Z,4576608658.51,4209188677.4700003
892,2016-09-30T00:00:00Z,329692708.37,329692708.37
901,2016-09-30T00:00:00Z,3658491126.97,2457633434.85
923,2016-09-30T00:00:00Z,2496333086.3,2350071697.77
925,2016-09-30T00:00:00Z,721705093.97,-511930698.22
938,2016-09-30T00:00:00Z,17765325454.59,8572998038.139999
950,2016-09-30T00:00:00Z,17398072085.81,14821256869.460001
989,2016-09-30T00:00:00Z,1929757205.05,1273534320.9299998
2074,2016-09-30T00:00:00Z,3422776456.51,1923958468.7700002
2091,2016-09-30T00:00:00Z,22066410296.41,17255556199.84
2093,2016-09-30T00:00:00Z,855855982.96,556051056.49
2104,2016-09-30T00:00:00Z,903161194.12,-348042275.3000001
2120,2016-09-30T00:00:00Z,4871450540.95,4172202646.06
2133,2016-09-30T00:00:00Z,3341991415.34,2121633350.8200002
2173,2016-09-30T00:00:00Z,566522151.28,446504029.95
2176,2016-09-30T00:00:00Z,2096174088.06,1509128618.42
2177,2016-09-30T00:00:00Z,593466691.16,-219071057.05000007
2239,2016-09-30T00:00:00Z,3714793891.49,2416773456.2999997
2247,2016-09-30T00:00:00Z,1138215919.46,481476747.36
2255,2016-09-30T00:00:00Z,642892191.7,-344887865.2099999
2289,2016-09-30T00:00:00Z,1027840042.01,-1277868710.3799999
2301,2016-09-30T00:00:00Z,1816504245.95,848460848.73
2314,2016-09-30T00:00:00Z,4044684217.17,1823379336.9099998
2352,2016-09-30T00:00:00Z,40449311739.52,39926562993.399994
2354,2016-09-30T00:00:00Z,1309911726.69,781218650.24
2358,2016-09-30T00:00:00Z,2211317724.74,1076429432.5099998
2370,2016-09-30T00:00:00Z,593043297.49,294456654.66
2384,2016-09-30T00:00:00Z,5156931732.52,2562868571.8600006
2413,2016-09-30T00:00:00Z,295911912.31,-1229922386.76
2420,2016-09-30T00:00:00Z,3819023062.8,1353578609.9700003
2421,2016-09-30T00:00:00Z,1648324707.68,615402664.49
2426,2016-09-30T00:00:00Z,10224638980.3,6917608901.249999
2430,2016-09-30T00:00:00Z,3563797012.69,-974502714.5700002
2452,2016-09-30T00:00:00Z,925075512.05,595583575.8899999
2460,2016-09-30T00:00:00Z,2022588042.21,1155503193.8200002
2468,2016-09-30T00:00:00Z,6798107334.81,5740331034.190001
2502,2016-09-30T00:00:00Z,569399282.27,213749780.2
2509,2016-09-30T00:00:00Z,1572291406.73,1044485017.44
2512,2016-09-30T00:00:00Z,2362100084.11,1748466603.77
2523,2016-09-30T00:00:00Z,753316894.47,277812714.17
2527,2016-09-30T00:00:00Z,1868489892.38,842927777.6200001
2568,2016-09-30T00:00:00Z,745637937.14,-1452837869.5
2581,2016-09-30T00:00:00Z,875295321.87,371322592.37
2592,2016-09-30T00:00:00Z,627592175.77,215531046.51999998
2594,2016-09-30T00:00:00Z,7279779e4,24304216e3
2608,2016-09-30T00:00:00Z,12007017252.53,10606398515.37
2615,2016-09-30T00:00:00Z,904169311.28,375338139.38
2709,2016-09-30T00:00:00Z,1345684584.85,700301273.0799999
2774,2016-09-30T00:00:00Z,526348161.45,-302368538.55
2818,2016-09-30T00:00:00Z,922034894.84,185921744.24
2855,2016-09-30T00:00:00Z,1322766934.63,-1362743419.73
2858,2016-09-30T00:00:00Z,114692401.25,-94208966.43
2863,2016-09-30T00:00:00Z,1568460391.99,-575792865.44
2870,2016-09-30T00:00:00Z,600611631.23,-227946097.66999996
2871,2016-09-30T00:00:00Z,198094858.69,-91966229.25
2888,2016-09-30T00:00:00Z,161175777.26,-67649879.86000001
300001,2016-09-30T00:00:00Z,3105028657.75,1591335856.18
300013,2016-09-30T00:00:00Z,554269706.62,211860012.54000002
300023,2016-09-30T00:00:00Z,369011314.82,253052954.51999998
300031,2016-09-30T00:00:00Z,1065849389.83,714424588.8000001
300033,2016-09-30T00:00:00Z,1195466919.45,427515006.22
300048,2016-09-30T00:00:00Z,1050912554.13,530752331.34
300059,2016-09-30T00:00:00Z,935033012.12,-1359574930.63
300062,2016-09-30T00:00:00Z,712924614.3,386714822.15999997
300063,2016-09-30T00:00:00Z,3803479551.2,3058541397.24
300069,2016-09-30T00:00:00Z,253523898.16,92973144.66999999
300079,2016-09-30T00:00:00Z,1002188573.02,428196422.30999994
300102,2016-09-30T00:00:00Z,841786437.04,429449300.24999994
300116,2016-09-30T00:00:00Z,1154820342.77,826914237.42
300140,2016-09-30T00:00:00Z,714485050,538461121.4300001
300142,2016-09-30T00:00:00Z,397616994.15,-313637396.32000005
300209,2016-09-30T00:00:00Z,455721209.38,255277428.72
300242,2016-09-30T00:00:00Z,2084061843.59,1435089776.83
300244,2016-09-30T00:00:00Z,2596389641.57,1288495812.39
300277,2016-09-30T00:00:00Z,91656999.7,-133603196.46999998
300287,2016-09-30T00:00:00Z,1422222970.8,699422051.8199999
300313,2016-09-30T00:00:00Z,333726646.9,172466323.14
300319,2016-09-30T00:00:00Z,1130588112,799681801.72
300322,2016-09-30T00:00:00Z,1291039571.1,760902020.4499999
300343,2016-09-30T00:00:00Z,1522905259.76,897181757.23
300359,2016-09-30T00:00:00Z,628911508.7,411756223.58000004
300552,2016-09-30T00:00:00Z,434440325.45,261695319.76999998
300598,2016-09-30T00:00:00Z,382642092.15,58360794.389999986
300617,2016-09-30T00:00:00Z,183491582.98,-114672617.02000001
300621,2016-09-30T00:00:00Z,1094769475.85,-706882277.8100002
300625,2016-09-30T00:00:00Z,1273549839.6,-625763318.46
300626,2016-09-30T00:00:00Z,475135800.64,-323426064.20000005
300635,2016-09-30T00:00:00Z,286500868.83,-114675545.96000004
300643,2016-09-30T00:00:00Z,206265119.95,-96200457.57999998
300645,2016-09-30T00:00:00Z,167105424.9,-135176975.1
300647,2016-09-30T00:00:00Z,240185916.05,-112216589.28999996
300651,2016-09-30T00:00:00Z,202532401.45,-141010317.06
300663,2016-09-30T00:00:00Z,247596464.69,-76905943.58999997
300665,2016-09-30T00:00:00Z,126278381.98,-108909441.96999998
300669,2016-09-30T00:00:00Z,185912501.81,-52517625.129999995
300678,2016-09-30T00:00:00Z,105055338.67,-137335005.45999998
300682,2016-09-30T00:00:00Z,221328947.96,-344501652.03999996
600061,2016-09-30T00:00:00Z,442092431.79,-2007547748.67
600072,2016-09-30T00:00:00Z,3804468969.08,3124662297.25
600074,2016-09-30T00:00:00Z,2855262562.67,1974296772.3600001
600093,2016-09-30T00:00:00Z,10733318379.3,9030717964.109999
600165,2016-09-30T00:00:00Z,2505138771.48,1860722232.96
600189,2016-09-30T00:00:00Z,279658808.37,-889408771.0300001
600206,2016-09-30T00:00:00Z,2664597242.59,915153171.8500001
600211,2016-09-30T00:00:00Z,492261642.76,-717309713.29
600213,2016-09-30T00:00:00Z,1772995928.95,807757890.5500001
600242,2016-09-30T00:00:00Z,708096711.84,512521283.87
600247,2016-09-30T00:00:00Z,173425784.02,-598291056.75
600258,2016-09-30T00:00:00Z,4503479486.51,3527655281.3500004
600312,2016-09-30T00:00:00Z,5491273031.06,2362340279.7500005
600339,2016-09-30T00:00:00Z,27440190997.88,26048953169.86
600389,2016-09-30T00:00:00Z,3884273480.07,1851343582.5100002
600390,2016-09-30T00:00:00Z,7824113657.18,6810719919.76
600415,2016-09-30T00:00:00Z,5637602573.06,3024007233.3200006
600420,2016-09-30T00:00:00Z,6626164398.24,4526157564.049999
600482,2016-09-30T00:00:00Z,15112143083.07,4006531789.289999
600502,2016-09-30T00:00:00Z,23293249775.11,16520145467.12
600511,2016-09-30T00:00:00Z,25605800012.5,16534514152.38
600552,2016-09-30T00:00:00Z,1988338488.21,1307440872.93
600584,2016-09-30T00:00:00Z,13282950673.51,6731915578.46
600597,2016-09-30T00:00:00Z,15466456552,-4957055842
600603,2016-09-30T00:00:00Z,374311585.19,344140880.72
600604,2016-09-30T00:00:00Z,1073290617.65,943654578.24
600651,2016-09-30T00:00:00Z,4984395536.67,1950370283.3400002
600652,2016-09-30T00:00:00Z,228005891.39,-1019751626.2500001
600675,2016-09-30T00:00:00Z,10184028118.67,8001169010.27
600715,2016-09-30T00:00:00Z,1289395573.71,1140985915.43
600734,2016-09-30T00:00:00Z,2264294976.9,2187828910.32
600736,2016-09-30T00:00:00Z,4928543459.35,3149118866.8600006
600745,2016-09-30T00:00:00Z,8492816428.2,8033456278.599999
600757,2016-09-30T00:00:00Z,10378919553.87,5018287806.610001
600771,2016-09-30T00:00:00Z,620302776.39,344347937.68
600967,2016-09-30T00:00:00Z,6316194370.88,5258405629.8
600981,2016-09-30T00:00:00Z,21292309208.47,-8956769576.399998
600986,2016-09-30T00:00:00Z,4910806634.26,3743901339.1500006
600990,2016-09-30T00:00:00Z,2105158551.68,1085887004.39
601012,2016-09-30T00:00:00Z,8524978775.66,5723098229.379999
601366,2016-09-30T00:00:00Z,7566817815.47,-3033077323.1500006
601866,2016-09-30T00:00:00Z,12065241826.83,-15122911417.269999
601877,2016-09-30T00:00:00Z,14202337760.97,5427370351.959999
601952,2016-09-30T00:00:00Z,2674334746.58,-833920953.4200001
603041,2016-09-30T00:00:00Z,222915515.38,-69134761.10000002
603078,2016-09-30T00:00:00Z,244488099.03,-109471574.51000002
603081,2016-09-30T00:00:00Z,1065303392.51,-220194923.1500001
603139,2016-09-30T00:00:00Z,230282423.67,-145449044.50000003
603232,2016-09-30T00:00:00Z,108100818.3,-56440324.519999996
603269,2016-09-30T00:00:00Z,339127810.77,-195763800.58000004
603286,2016-09-30T00:00:00Z,178554195.23,-90371163.47999999
603538,2016-09-30T00:00:00Z,447540854.22,-188764101.73000002
603665,2016-09-30T00:00:00Z,518003029.93,-113400370.07
603767,2016-09-30T00:00:00Z,595799369.23,-454072619.48
603797,2016-09-30T00:00:00Z,150661755.85,-71108760.15
603811,2016-09-30T00:00:00Z,213244637.61,-106987371.46999997
603860,2016-09-30T00:00:00Z,87229854.69,-53284545.31
603879,2016-09-30T00:00:00Z,380697895.74,-189690694.76999998
603926,2016-09-30T00:00:00Z,500488184.7,-235822587.62000006
603985,2016-09-30T00:00:00Z,463385363.49,-227526830.31999993
4,2016-12-31T00:00:00Z,287670026.58,167215604.09999996
5,2016-12-31T00:00:00Z,481863433.31,397737462.62
22,2016-12-31T00:00:00Z,2381483399.94,508874803.78
34,2016-12-31T00:00:00Z,40531123500.93,40073060147.33
36,2016-12-31T00:00:00Z,2171743816.69,1762715962.17
38,2016-12-31T00:00:00Z,1029196295.74,723765441.8299999
40,2016-12-31T00:00:00Z,3773501705.54,2107772529.47
46,2016-12-31T00:00:00Z,18621567771.9,9174192370.7
48,2016-12-31T00:00:00Z,1561230908.03,-740786712.3500001
55,2016-12-31T00:00:00Z,4203866173.72,1653398678.9399996
58,2016-12-31T00:00:00Z,1371044982.11,629511305.18
62,2016-12-31T00:00:00Z,5544599007.28,3510948356.24
70,2016-12-31T00:00:00Z,4612417968.5,2162620554.48
415,2016-12-31T00:00:00Z,24257548e3,14431084e3
502,2016-12-31T00:00:00Z,299501456.57,279736911.17
505,2016-12-31T00:00:00Z,8723491657.31,8456422906.429999
524,2016-12-31T00:00:00Z,5819329368.95,5513509750.099999
526,2016-12-31T00:00:00Z,1306853303.01,1281787949.57
534,2016-12-31T00:00:00Z,194679657.83,-297131174.54999995
537,2016-12-31T00:00:00Z,9182947745.94,7739304112.240001
544,2016-12-31T00:00:00Z,936775706.54,318581476.13
547,2016-12-31T00:00:00Z,2042099952.94,694604050.76
553,2016-12-31T00:00:00Z,22070405e3,19900468362.93
557,2016-12-31T00:00:00Z,463125906.43,-136642083.3
565,2016-12-31T00:00:00Z,2357315509.51,1708973738.1200004
573,2016-12-31T00:00:00Z,1125338980.84,815771580.5799999
609,2016-12-31T00:00:00Z,131498588.13,-323177558.04
615,2016-12-31T00:00:00Z,4242616852.08,1829335533.4099998
656,2016-12-31T00:00:00Z,32235441627.03,12836868306.129997
662,2016-12-31T00:00:00Z,1277339685.11,831349359.29
663,2016-12-31T00:00:00Z,1553984128.24,662322815.03
673,2016-12-31T00:00:00Z,985528211.12,492543744.62
676,2016-12-31T00:00:00Z,2364007200.4,2046424013.67
687,2016-12-31T00:00:00Z,1603066947.44,725199199.6500001
691,2016-12-31T00:00:00Z,46243032.78,-58473043.16
693,2016-12-31T00:00:00Z,2056436408.18,-6451700681.12
710,2016-12-31T00:00:00Z,921704901.29,691648091.8299999
711,2016-12-31T00:00:00Z,460813601.86,388725293.1
720,2016-12-31T00:00:00Z,2660322182.31,-632846792.8400002
727,2016-12-31T00:00:00Z,1576591996.21,420258392.4200001
736,2016-12-31T00:00:00Z,4729700021.39,3617430775.1600003
766,2016-12-31T00:00:00Z,850083371.07,652524649.7900001
802,2016-12-31T00:00:00Z,926550274.27,577197663.47
806,2016-12-31T00:00:00Z,1204602488.71,372246534.56000006
812,2016-12-31T00:00:00Z,993842901.37,465569355.94
838,2016-12-31T00:00:00Z,1716087294,1048210200.7
852,2016-12-31T00:00:00Z,3444167984.18,-1651358674.2500005
863,2016-12-31T00:00:00Z,6704848495.99,6185345615.11
892,2016-12-31T00:00:00Z,738552646.96,264175440.27000004
893,2016-12-31T00:00:00Z,2399954760.73,-8754100303.94
901,2016-12-31T00:00:00Z,5481516424.4,1590638112.0699997
909,2016-12-31T00:00:00Z,1575020648.98,-770660719.71
923,2016-12-31T00:00:00Z,3881003875.66,3626152716.5699997
925,2016-12-31T00:00:00Z,1205971433.66,-629329556.55
938,2016-12-31T00:00:00Z,27709709064.34,14359804248.18
950,2016-12-31T00:00:00Z,23415694769.16,20089225020.64
955,2016-12-31T00:00:00Z,486623598.67,183388351.16000003
957,2016-12-31T00:00:00Z,9257190233.07,2143214360.0299997
961,2016-12-31T00:00:00Z,34439585805.09,13989930582.969997
971,2016-12-31T00:00:00Z,665995269.6,508589309.15000004
976,2016-12-31T00:00:00Z,1862268066.55,1199553840.9099998
989,2016-12-31T00:00:00Z,2673798043.47,1802285362.7599998
1896,2016-12-31T00:00:00Z,6950819893.3,3295295683.04
2018,2016-12-31T00:00:00Z,19027657338.9,11044322786.18
2034,2016-12-31T00:00:00Z,1581587855.3,682972196.4699999
2040,2016-12-31T00:00:00Z,222737743,64579736
2042,2016-12-31T00:00:00Z,8836907481.65,2033249567.9099998
2043,2016-12-31T00:00:00Z,2677012260.84,1030205220.9300001
2044,2016-12-31T00:00:00Z,4314131740.36,2212649602.2699995
2046,2016-12-31T00:00:00Z,1385303769.95,960907739.6
2061,2016-12-31T00:00:00Z,14770174426.96,11788089441.3
2074,2016-12-31T00:00:00Z,4757931943.94,2012435764.6499996
2090,2016-12-31T00:00:00Z,1874225630.94,632837266.6600001
2093,2016-12-31T00:00:00Z,1230917244.05,733416180.8599999
2104,2016-12-31T00:00:00Z,1353352597.08,-467309180.8700001
2112,2016-12-31T00:00:00Z,484468087.48,-444014602.11
2133,2016-12-31T00:00:00Z,4193654315.47,2474117154.2999997
2140,2016-12-31T00:00:00Z,1672973594.75,-1959994064.1
2147,2016-12-31T00:00:00Z,3736466329.26,1878522528.5500002
2156,2016-12-31T00:00:00Z,4591656651.56,2269753538.8700004
2173,2016-12-31T00:00:00Z,762788365.29,625746591.3199999
2176,2016-12-31T00:00:00Z,2984711704.46,2091864720.0500002
2177,2016-12-31T00:00:00Z,770942502.45,-326061009.91999984
2180,2016-12-31T00:00:00Z,5805462314.79,3756442226.84
2188,2016-12-31T00:00:00Z,657686783.29,475082195.4
2217,2016-12-31T00:00:00Z,11844847835.29,6891674344.540001
2219,2016-12-31T00:00:00Z,2175221187.39,993492964.2399998
2239,2016-12-31T00:00:00Z,5229394578.64,2745834579.51
2247,2016-12-31T00:00:00Z,1650071195.34,754890421.91
2255,2016-12-31T00:00:00Z,1065508630.29,-433305161.23
2259,2016-12-31T00:00:00Z,1555401032.78,898515780.62
2266,2016-12-31T00:00:00Z,1122143269.52,414675249.4499999
2279,2016-12-31T00:00:00Z,1320802031.31,604122685.76
2289,2016-12-31T00:00:00Z,1301227665.93,-2079088631.66
2297,2016-12-31T00:00:00Z,515093143.97,195663847.34000003
2298,2016-12-31T00:00:00Z,1671111700.03,798405824.56
2301,2016-12-31T00:00:00Z,2864963206.84,1283066565.9700003
2312,2016-12-31T00:00:00Z,1039454149.28,-386837255.52
2323,2016-12-31T00:00:00Z,1285284657.39,841475961.5400001
2329,2016-12-31T00:00:00Z,2446430743.22,761293065.3799999
2333,2016-12-31T00:00:00Z,977172460.43,-102994952.04000008
2343,2016-12-31T00:00:00Z,1826189606.67,970190600.7600001
2354,2016-12-31T00:00:00Z,1674860621.67,734013039.9300001
2358,2016-12-31T00:00:00Z,2952700424.22,1262778341.62
2366,2016-12-31T00:00:00Z,1210071377.77,816516152.76
2369,2016-12-31T00:00:00Z,2697981963.79,-1081483138.4299998
2370,2016-12-31T00:00:00Z,862874547.46,399729028.43000007
2377,2016-12-31T00:00:00Z,624994261.92,-799999308.4800001
2384,2016-12-31T00:00:00Z,8403297216.84,4410423207.309999
2389,2016-12-31T00:00:00Z,515163714.42,-408202502.58
2401,2016-12-31T00:00:00Z,867640827.74,217073638.47000003
2413,2016-12-31T00:00:00Z,530528699.72,-1498014201.74
2414,2016-12-31T00:00:00Z,810334607.31,177985877.17999995
2420,2016-12-31T00:00:00Z,5754328939,2038219496.63
2421,2016-12-31T00:00:00Z,2457015465.82,745706796.7500002
2426,2016-12-31T00:00:00Z,13476864737.29,7616301869.080001
2430,2016-12-31T00:00:00Z,4944465775.38,-995201287.1599998
2435,2016-12-31T00:00:00Z,2115003538.13,1050295028.2600001
2447,2016-12-31T00:00:00Z,781635217.21,202372105.33000004
2452,2016-12-31T00:00:00Z,1292992766.34,629430873.9899999
2458,2016-12-31T00:00:00Z,1611132544.74,1006842202.99
2460,2016-12-31T00:00:00Z,2844120347.65,1490195592.72
2477,2016-12-31T00:00:00Z,6090172093.7,2471150906.22
2488,2016-12-31T00:00:00Z,2271911668.99,748137974.2799997
2502,2016-12-31T00:00:00Z,812274603.85,221701466.68000007
2503,2016-12-31T00:00:00Z,6319983268.46,4337209905.38
2509,2016-12-31T00:00:00Z,2424822505,1733006390.8899999
2512,2016-12-31T00:00:00Z,3464881973.41,2120581145.2099998
2523,2016-12-31T00:00:00Z,1238894201.48,322141254.44000006
2527,2016-12-31T00:00:00Z,2726567846.4,1219534798.95
2544,2016-12-31T00:00:00Z,5115261511.34,2821483968.2000003
2564,2016-12-31T00:00:00Z,1195145239.06,-1093539051.7400002
2568,2016-12-31T00:00:00Z,925422509.88,-1425775199.8399997
2581,2016-12-31T00:00:00Z,1264879436.13,406593713.2600001
2582,2016-12-31T00:00:00Z,2071832004.54,958781700.79
2589,2016-12-31T00:00:00Z,15618666237.25,5868708321.93
2592,2016-12-31T00:00:00Z,878396524.01,229457954.86
2594,2016-12-31T00:00:00Z,103469997e3,23461029e3
2607,2016-12-31T00:00:00Z,6560903028.16,1340134325.9300003
2615,2016-12-31T00:00:00Z,1341538066.5,583105660.35
2627,2016-12-31T00:00:00Z,1844570600.93,339486397.46000004
2645,2016-12-31T00:00:00Z,1005528094.85,698543552.6700001
2659,2016-12-31T00:00:00Z,323741898.73,-439608055.67999995
2684,2016-12-31T00:00:00Z,2033129339.89,1482698216.0300002
2689,2016-12-31T00:00:00Z,1239718100.95,-353652036.3299999
2693,2016-12-31T00:00:00Z,145135787.6,-85834579.32
2709,2016-12-31T00:00:00Z,1837246541.21,891441794.13
2722,2016-12-31T00:00:00Z,1738141279.39,1207581831.3200002
2765,2016-12-31T00:00:00Z,1160642411.97,377272311.4100001
2869,2016-12-31T00:00:00Z,668721241.2,241223830.00000006
2872,2016-12-31T00:00:00Z,2086931557.22,423147213.97
2876,2016-12-31T00:00:00Z,800491774.86,209361319.78999996
300001,2016-12-31T00:00:00Z,6108506278.53,3106524806.7999997
300005,2016-12-31T00:00:00Z,2877833342.57,-929758692.69
300010,2016-12-31T00:00:00Z,1883633833.57,860488367.1099999
300014,2016-12-31T00:00:00Z,2339712007.5,990779089.4100001
300023,2016-12-31T00:00:00Z,677069806.26,344296220.33
300031,2016-12-31T00:00:00Z,1464601971.46,994781619.9000001
300036,2016-12-31T00:00:00Z,833150645.25,365999649.5
300037,2016-12-31T00:00:00Z,1589213791.43,654957051.7500001
300040,2016-12-31T00:00:00Z,1319491445.24,560724256.73
300044,2016-12-31T00:00:00Z,1002014202.19,337070591.8800001
300048,2016-12-31T00:00:00Z,1417391175.35,609875588.55
300059,2016-12-31T00:00:00Z,1203051297.42,-1609661423.7599998
300063,2016-12-31T00:00:00Z,5289656149.3,3575586761.61
300065,2016-12-31T00:00:00Z,716569929.16,388757418.66999996
300069,2016-12-31T00:00:00Z,336734744.02,123295059.70999998
300070,2016-12-31T00:00:00Z,8892285137.71,3678024864.8499994
300072,2016-12-31T00:00:00Z,17531101493.22,11832986305.52
300079,2016-12-31T00:00:00Z,1474848649.35,445976367.4999999
300092,2016-12-31T00:00:00Z,374372570.2,139055330.64999998
300102,2016-12-31T00:00:00Z,1149632814.1,535162437.1199999
300104,2016-12-31T00:00:00Z,21950951410.47,8934226286.35
300109,2016-12-31T00:00:00Z,400618888.54,109979127.56
300113,2016-12-31T00:00:00Z,1701734074.9,679586767.45
300116,2016-12-31T00:00:00Z,3819601315.01,3238258260.5600004
300133,2016-12-31T00:00:00Z,4444975810.86,1787672549.7599998
300142,2016-12-31T00:00:00Z,591004603.69,-415022413.2299999
300156,2016-12-31T00:00:00Z,3125095692.33,1910415362.99
300173,2016-12-31T00:00:00Z,732334723.15,220475936.83999997
300187,2016-12-31T00:00:00Z,1535948714.45,762627193.5600001
300189,2016-12-31T00:00:00Z,1159414623.71,826669211.69
300197,2016-12-31T00:00:00Z,4573262879.25,1959989858.5300002
300201,2016-12-31T00:00:00Z,1416397943.56,595049849.3699999
300209,2016-12-31T00:00:00Z,724101070.91,429514328.30999994
300222,2016-12-31T00:00:00Z,1733985027.89,876098728.0900002
300229,2016-12-31T00:00:00Z,680122672.99,292161210.18
300231,2016-12-31T00:00:00Z,1050273407.28,379214078.15
300242,2016-12-31T00:00:00Z,2823857826.78,1923032545.5000002
300244,2016-12-31T00:00:00Z,3823980623.37,1965799733.3899999
300246,2016-12-31T00:00:00Z,594314416.15,213808940.35999995
300258,2016-12-31T00:00:00Z,898604718.96,200159899.47000003
300263,2016-12-31T00:00:00Z,812192600.31,-558606695.01
300266,2016-12-31T00:00:00Z,2102752601.82,1218404303.48
300272,2016-12-31T00:00:00Z,642995032.52,186153620.95
300279,2016-12-31T00:00:00Z,1325884875.02,538480510.9
300287,2016-12-31T00:00:00Z,2037626247.61,681478221.7199998
300302,2016-12-31T00:00:00Z,471517012.95,110400592.38999999
300313,2016-12-31T00:00:00Z,375207065.81,128339171.78
300319,2016-12-31T00:00:00Z,1742675611.37,1063777270.1599998
300322,2016-12-31T00:00:00Z,1725391575.53,954806194.38
300343,2016-12-31T00:00:00Z,2330939606.79,1366360391.88
300359,2016-12-31T00:00:00Z,977161101.01,538142600.91
300362,2016-12-31T00:00:00Z,1073868560.66,580078148.3800001
300381,2016-12-31T00:00:00Z,1512440992.15,808968274.1700001
300420,2016-12-31T00:00:00Z,606627349.46,399914691.15000004
300440,2016-12-31T00:00:00Z,611719600.77,151834231.87
300598,2016-12-31T00:00:00Z,505502410.08,64760436.76999998
300663,2016-12-31T00:00:00Z,654656888.29,146687382.29999995
300679,2016-12-31T00:00:00Z,1392340793.66,701254800.84
300682,2016-12-31T00:00:00Z,749510263.97,131792663.97000003
600061,2016-12-31T00:00:00Z,525146425.44,-1755573250.2399998
600074,2016-12-31T00:00:00Z,4114202062.62,2457208594.95
600078,2016-12-31T00:00:00Z,3268254347.89,880527897.8599997
600093,2016-12-31T00:00:00Z,15704089646.39,10568172425.509998
600113,2016-12-31T00:00:00Z,357993318.71,-630454713.0999999
600139,2016-12-31T00:00:00Z,863914520.85,-604118687.61
600146,2016-12-31T00:00:00Z,429672247.51,414812011.84999996
600165,2016-12-31T00:00:00Z,2785053869.73,1708402322.28
600180,2016-12-31T00:00:00Z,21233545275.74,11828507098.62
600206,2016-12-31T00:00:00Z,3807978100.03,1218429568.9
600211,2016-12-31T00:00:00Z,796806691.52,-585949124.0899999
600213,2016-12-31T00:00:00Z,3395743970.34,1380304228.19
600239,2016-12-31T00:00:00Z,9769685188.62,5756775290.59
600242,2016-12-31T00:00:00Z,1314232184.06,907928053.76
600243,2016-12-31T00:00:00Z,956499602.48,-202021972.98000002
600258,2016-12-31T00:00:00Z,6522779197.52,5189979591.13
600260,2016-12-31T00:00:00Z,8420679913.14,5190567364.68
600293,2016-12-31T00:00:00Z,3354580675.82,2347229970.08
600312,2016-12-31T00:00:00Z,8869714498.58,2119738063.96
600339,2016-12-31T00:00:00Z,50659441285.13,-14563169612.970001
600389,2016-12-31T00:00:00Z,4751494699.76,2074286541.5500002
600390,2016-12-31T00:00:00Z,8938417752.76,-3773988619
600406,2016-12-31T00:00:00Z,28248377857.25,18536822617.46
600415,2016-12-31T00:00:00Z,7038031575.41,1339841730.5900002
600446,2016-12-31T00:00:00Z,3665606591.22,1050726734.6099997
600482,2016-12-31T00:00:00Z,22305275976.78,4353376471.689999
600502,2016-12-31T00:00:00Z,34364082431.26,25213960156.210003
600511,2016-12-31T00:00:00Z,34610563021.56,22532368897.289997
600515,2016-12-31T00:00:00Z,10195239924.78,1517656923.6800003
600525,2016-12-31T00:00:00Z,5848963706.2,1687110613.77
600548,2016-12-31T00:00:00Z,4532209156.54,1111630821.35
600552,2016-12-31T00:00:00Z,3106645158.96,1976992441.72
600565,2016-12-31T00:00:00Z,14269296190.72,6538056217.039999
600571,2016-12-31T00:00:00Z,1385272501.07,308912991.71000004
600584,2016-12-31T00:00:00Z,19154527743.1,8347503944.499998
600603,2016-12-31T00:00:00Z,645915995.16,-234811775.14
600610,2016-12-31T00:00:00Z,608445275.44,541277888.0300001
600640,2016-12-31T00:00:00Z,5664969434.36,2283980378.4199996
600651,2016-12-31T00:00:00Z,7177952083.97,2106140915.12
600652,2016-12-31T00:00:00Z,308092968.76,-1112384058.88
600657,2016-12-31T00:00:00Z,11570681956.33,3435089047.45
600675,2016-12-31T00:00:00Z,14208396037.71,9553927172.829998
600693,2016-12-31T00:00:00Z,3009898941.86,1383702156.67
600699,2016-12-31T00:00:00Z,18552409199.63,10469874984.300001
600701,2016-12-31T00:00:00Z,1651111128.54,811317258.9
600708,2016-12-31T00:00:00Z,20781846222.62,8394561097.23
600715,2016-12-31T00:00:00Z,2251934493.73,1485080168.0500002
600734,2016-12-31T00:00:00Z,4232988543.77,3922650564.23
600745,2016-12-31T00:00:00Z,13416913528.56,12700903085.67
600747,2016-12-31T00:00:00Z,446276787.77,-1456123214.77
600751,2016-12-31T00:00:00Z,37561208e3,3684102e4
600754,2016-12-31T00:00:00Z,10635544287.06,5072841216.19
600760,2016-12-31T00:00:00Z,17881309163.92,16184561105.219997
600771,2016-12-31T00:00:00Z,936993228.17,508557164.43999994
600776,2016-12-31T00:00:00Z,1980288987.42,-1585636480.81
600781,2016-12-31T00:00:00Z,5013453953.32,4551394130.509999
600888,2016-12-31T00:00:00Z,5546881061.27,-2080558079.7699995
600898,2016-12-31T00:00:00Z,1150093283.48,270199281.20000005
600975,2016-12-31T00:00:00Z,1691374321.68,365337657.34000015
600984,2016-12-31T00:00:00Z,1375580880.38,674324980.6600001
600986,2016-12-31T00:00:00Z,7025429581.28,4608464802.25
600990,2016-12-31T00:00:00Z,3982768804.17,1484630178.15
601012,2016-12-31T00:00:00Z,11530533460.78,5583500843.900001
601258,2016-12-31T00:00:00Z,66009401206,9634423030
601599,2016-12-31T00:00:00Z,3588832218.31,1218995841.7999997
601866,2016-12-31T00:00:00Z,15636333569.83,-20571549480.799995
601880,2016-12-31T00:00:00Z,12814483861.14,3928316767.99
603017,2016-12-31T00:00:00Z,912343541.08,276162286.98
603035,2016-12-31T00:00:00Z,1436850334.32,415626477.9799999
603160,2016-12-31T00:00:00Z,3079331261.46,1959730004.92
603200,2016-12-31T00:00:00Z,296245418.8,25663827.949999988
603444,2016-12-31T00:00:00Z,1305428576.07,1005383198.54
603656,2016-12-31T00:00:00Z,370656298.3,60525224
900929,2016-12-31T00:00:00Z,1907531142.26,-372656180.3399999
34,2017-03-31T00:00:00Z,12224921603.66,12134568112.99
36,2017-03-31T00:00:00Z,1783750883.04,1736261567.71
505,2017-03-31T00:00:00Z,1545437876.41,1465412631.3100002
526,2017-03-31T00:00:00Z,708212456.41,701946118.05
553,2017-03-31T00:00:00Z,6343615e3,5865595913.44
565,2017-03-31T00:00:00Z,938906015.92,469632216.9
609,2017-03-31T00:00:00Z,197320901.55,195891218.01000002
676,2017-03-31T00:00:00Z,1191606550.52,1134121297.41
727,2017-03-31T00:00:00Z,1252838689.63,1043655047.1300001
923,2017-03-31T00:00:00Z,1289612239.32,1223304736.46
950,2017-03-31T00:00:00Z,5875361994.24,5121056657.17
2040,2017-03-31T00:00:00Z,146862222.92,106297360.1
2102,2017-03-31T00:00:00Z,1721231438.12,1442473062.1699998
2180,2017-03-31T00:00:00Z,5226611663.9,4552864993.509999
2314,2017-03-31T00:00:00Z,321206314.17,-1750991405.3799999
2564,2017-03-31T00:00:00Z,3014428097.13,2680921990.26
2582,2017-03-31T00:00:00Z,1300426138.14,1022761874.4000001
2629,2017-03-31T00:00:00Z,514776294.95,493012749.69
2869,2017-03-31T00:00:00Z,184381048.56,-567683424.99
2872,2017-03-31T00:00:00Z,534077097.67,-1308938182.6299999
2875,2017-03-31T00:00:00Z,249842605.25,-590427799.56
2876,2017-03-31T00:00:00Z,168396895.76,-498121551.90999997
2877,2017-03-31T00:00:00Z,74414984.61,-180930625.22000003
2878,2017-03-31T00:00:00Z,125272030.92,-428517457.27000004
2880,2017-03-31T00:00:00Z,148491602.98,-352452743.9
2883,2017-03-31T00:00:00Z,46731858.76,-103532498.49000001
2884,2017-03-31T00:00:00Z,209895712.55,-555280548.4000001
2886,2017-03-31T00:00:00Z,138842676.69,-446327023.31
2891,2017-03-31T00:00:00Z,216738806.42,-431481202.2800001
2892,2017-03-31T00:00:00Z,122483069.74,-331690869.08
2893,2017-03-31T00:00:00Z,516684604,-339160513.64
2895,2017-03-31T00:00:00Z,237831469.75,-865508030.25
300116,2017-03-31T00:00:00Z,2783241721.02,2708328203.81
300189,2017-03-31T00:00:00Z,481818268.55,388756965.16
300313,2017-03-31T00:00:00Z,30379094.28,-102967462.13
300655,2017-03-31T00:00:00Z,110999994.01,-207807811.32999998
300661,2017-03-31T00:00:00Z,100182802.26,-294270189.01
300673,2017-03-31T00:00:00Z,107001868.28,-390393631.22
300679,2017-03-31T00:00:00Z,319312237.83,-589412876.69
300683,2017-03-31T00:00:00Z,169881516.59,-509525111.65
300685,2017-03-31T00:00:00Z,61949217.81,-114928427.43
300689,2017-03-31T00:00:00Z,66928836.1,-182875334.1
300690,2017-03-31T00:00:00Z,99166538.65,-380927706.11
300692,2017-03-31T00:00:00Z,34464750.71,-113373596.10999998
600146,2017-03-31T00:00:00Z,389040894.23,387724538.14000005
600293,2017-03-31T00:00:00Z,2915781865.37,2675298453.37
600393,2017-03-31T00:00:00Z,2558626974.62,2418807207.12
600415,2017-03-31T00:00:00Z,4706750585.35,3595906563.9700003
600511,2017-03-31T00:00:00Z,8761867869.5,5492664838.530001
600734,2017-03-31T00:00:00Z,1315418962.3,1312322758.1599998
600751,2017-03-31T00:00:00Z,71727492e3,71102239e3
600781,2017-03-31T00:00:00Z,1199399225.08,1104036165.52
601619,2017-03-31T00:00:00Z,178498165.88,-197200234.12
601949,2017-03-31T00:00:00Z,627527792.96,-3472844192.21
603042,2017-03-31T00:00:00Z,284111152.79,-592162965.6099999
603043,2017-03-31T00:00:00Z,385016977.27,-1351527637.32
603181,2017-03-31T00:00:00Z,353366674.59,-1026744279.3500001
603183,2017-03-31T00:00:00Z,90577826.78,-301341773.22
603196,2017-03-31T00:00:00Z,237403165.19,-660298300.3299999
603200,2017-03-31T00:00:00Z,71784059.32,-172324201.23000002
603260,2017-03-31T00:00:00Z,1446375859.83,-2168091231.6
603277,2017-03-31T00:00:00Z,287014522.01,-653661213.05
603320,2017-03-31T00:00:00Z,149229750.72,-269579770.74
603335,2017-03-31T00:00:00Z,224316120.22,-512608550.64
603357,2017-03-31T00:00:00Z,292676276.86,-558011878.65
603380,2017-03-31T00:00:00Z,177623319.47,-424843647.97
603383,2017-03-31T00:00:00Z,27543978.21,-167578509.17
603387,2017-03-31T00:00:00Z,92474345.06,-183945919.07999998
603458,2017-03-31T00:00:00Z,394674397.91,-1136757651.26
603488,2017-03-31T00:00:00Z,51263291.49,-246163647.33999997
603496,2017-03-31T00:00:00Z,72917469.87,-137110174.15
603535,2017-03-31T00:00:00Z,171253033.48,-546469201.97
603536,2017-03-31T00:00:00Z,166992028.48,-670041600.4
603557,2017-03-31T00:00:00Z,255461637.34,-872127162.38
603580,2017-03-31T00:00:00Z,34655863.71,-112452492.19999999
603595,2017-03-31T00:00:00Z,94845296.91,-197250193.29999998
603602,2017-03-31T00:00:00Z,65992217.39,-351522960.35
603619,2017-03-31T00:00:00Z,374784745.36,-1257125170.1799998
603676,2017-03-31T00:00:00Z,77808080.91,-362425606.86
603679,2017-03-31T00:00:00Z,70916604.26,-299970777.53000003
603707,2017-03-31T00:00:00Z,223640039.67,-245087960.33
603730,2017-03-31T00:00:00Z,733022207.68,-1591600101.0700002
603757,2017-03-31T00:00:00Z,203272342.82,-433519400.29
603825,2017-03-31T00:00:00Z,1460283664.09,-3720749894.5699997
603896,2017-03-31T00:00:00Z,87487217.56,-214425218.01
603933,2017-03-31T00:00:00Z,445839309.06,-819700245.23
603976,2017-03-31T00:00:00Z,132977333.62,-346706220.77
34,2017-06-30T00:00:00Z,26099940251.29,14389686743.1
36,2017-06-30T00:00:00Z,2849339106.37,2750110591.7799997
40,2017-06-30T00:00:00Z,3217041198.02,1925770023.15
46,2017-06-30T00:00:00Z,2229534905.69,-7106086585.469999
66,2017-06-30T00:00:00Z,4506830890.65,-29475330559.590004
155,2017-06-30T00:00:00Z,2251067454.09,2036265023.7000003
409,2017-06-30T00:00:00Z,902040148.04,-464164240.24
509,2017-06-30T00:00:00Z,730255974.45,686626547.88
526,2017-06-30T00:00:00Z,1628559527.82,1408605337.99
548,2017-06-30T00:00:00Z,850545227.76,762060534.3199999
557,2017-06-30T00:00:00Z,269647679.38,123134036.63999999
565,2017-06-30T00:00:00Z,2344394522.44,1245352884.49
576,2017-06-30T00:00:00Z,399989101.06,236347138.26
605,2017-06-30T00:00:00Z,668838399.78,297452121.60999995
609,2017-06-30T00:00:00Z,213378825.84,209347220.25
676,2017-06-30T00:00:00Z,2544364276.36,1891046452.66
711,2017-06-30T00:00:00Z,477620970.82,448267072.21
727,2017-06-30T00:00:00Z,2956336505.94,2534479617.48
735,2017-06-30T00:00:00Z,884389974.9,540859875.8399999
957,2017-06-30T00:00:00Z,2278922162.71,-1678876475.67
980,2017-06-30T00:00:00Z,5786592752.44,4990038780.469999
2010,2017-06-30T00:00:00Z,5786423064.03,3405270651.2799997
2040,2017-06-30T00:00:00Z,333722415.86,241196318.56
2089,2017-06-30T00:00:00Z,622245600.19,-689701553.47
2090,2017-06-30T00:00:00Z,1254318829.89,545122040.3400002
2102,2017-06-30T00:00:00Z,3920638493.39,3395790499.63
2177,2017-06-30T00:00:00Z,293944584.56,-236936240.18
2180,2017-06-30T00:00:00Z,11123588713.05,9694077368.109999
2247,2017-06-30T00:00:00Z,1177895962.46,574240499.23
2280,2017-06-30T00:00:00Z,3770410620.27,3180321085.75
2315,2017-06-30T00:00:00Z,630843704.32,341463336.68000007
2354,2017-06-30T00:00:00Z,1589165365.48,730339247.34
2384,2017-06-30T00:00:00Z,6120632086.95,3694033589.66
2432,2017-06-30T00:00:00Z,326795670.03,145866672.50999996
2496,2017-06-30T00:00:00Z,6048853112.4,4112912224.45
2499,2017-06-30T00:00:00Z,765758453.75,622069078.3199999
2503,2017-06-30T00:00:00Z,6560179805.76,4273222702.6800003
2504,2017-06-30T00:00:00Z,1131206486.64,-645192976.6499999
2505,2017-06-30T00:00:00Z,8088225942.69,6378945825.209999
2509,2017-06-30T00:00:00Z,1544885624.05,509146414.8299999
2515,2017-06-30T00:00:00Z,190521091.36,99716347.72000001
2564,2017-06-30T00:00:00Z,6977752513.56,6426588330.85
2582,2017-06-30T00:00:00Z,1943274808.52,1504342296.24
2601,2017-06-30T00:00:00Z,4960343462.43,3661668375.84
2629,2017-06-30T00:00:00Z,1443150218.33,1384577698.1999998
2684,2017-06-30T00:00:00Z,1549799791.52,988427361.3299999
300038,2017-06-30T00:00:00Z,953758333.99,612107958.46
300044,2017-06-30T00:00:00Z,582587847.09,325064189.68000007
300056,2017-06-30T00:00:00Z,222604908.73,-241082556.44000003
300061,2017-06-30T00:00:00Z,846742201.05,479124187.56999993
300116,2017-06-30T00:00:00Z,6065843709.77,5842711838.52
300157,2017-06-30T00:00:00Z,1553211582.96,992652572.4300001
300179,2017-06-30T00:00:00Z,149004833.77,85196596.48000002
300184,2017-06-30T00:00:00Z,3581639652.33,2932937356.56
300189,2017-06-30T00:00:00Z,712231542.99,432204880.34000003
300233,2017-06-30T00:00:00Z,1211114171.32,694821718.1599998
300247,2017-06-30T00:00:00Z,448034697.92,249577836.24
300309,2017-06-30T00:00:00Z,347072947.13,257269912.97
300313,2017-06-30T00:00:00Z,79709203.56,-130638677.31
300485,2017-06-30T00:00:00Z,264101577.13,-39816877.94
600035,2017-06-30T00:00:00Z,1145383409.29,514242749.2099999
600070,2017-06-30T00:00:00Z,865570878.64,451325631.87
600146,2017-06-30T00:00:00Z,898319034,893721613.15
600188,2017-06-30T00:00:00Z,80624244e3,55989026e3
600242,2017-06-30T00:00:00Z,953730891.8,783175781.3299999
600279,2017-06-30T00:00:00Z,3195107354.8,2526416001.61
600293,2017-06-30T00:00:00Z,6028754140.84,5487871727.7300005
600392,2017-06-30T00:00:00Z,2210788041.4,1809397176.3400002
600393,2017-06-30T00:00:00Z,3765176320.79,3302553528.93
600415,2017-06-30T00:00:00Z,7602005086.46,3305954244.51
600436,2017-06-30T00:00:00Z,1752831341.08,792398242.8399999
600463,2017-06-30T00:00:00Z,1081504834.83,771711635.8299999
600515,2017-06-30T00:00:00Z,5506991449.98,2707642747.0899997
600610,2017-06-30T00:00:00Z,323227171.1,304936391.40000004
600657,2017-06-30T00:00:00Z,6049173197.22,2981036009.1800003
600679,2017-06-30T00:00:00Z,797921852.8,512826255.84
600693,2017-06-30T00:00:00Z,1897010698.52,1097850021.1100001
600701,2017-06-30T00:00:00Z,1729047296.48,1270821707.3600001
600734,2017-06-30T00:00:00Z,2509452532.13,1797255942.9700003
600747,2017-06-30T00:00:00Z,45117511.32,-1414555764.68
600751,2017-06-30T00:00:00Z,146026527e3,14464994e4
600757,2017-06-30T00:00:00Z,4540666707.92,-2722506849
600856,2017-06-30T00:00:00Z,3428113942.44,2418515830.15
600903,2017-06-30T00:00:00Z,1293915235.48,-762458361.73
603993,2017-06-30T00:00:00Z,11654940600,9395089e3
4,2017-09-30T00:00:00Z,70997780.19,-146569867
34,2017-09-30T00:00:00Z,40199055915.26,16376737957.68
36,2017-09-30T00:00:00Z,3030602827.86,2885156318.6400003
40,2017-09-30T00:00:00Z,5179715208.8,2793276289.4
46,2017-09-30T00:00:00Z,3510055595.17,-11099316585.15
56,2017-09-30T00:00:00Z,560103307.28,339805116.68999994
58,2017-09-30T00:00:00Z,857121747.39,-170393652.51
66,2017-09-30T00:00:00Z,6577807225.46,-45913876484.6
78,2017-09-30T00:00:00Z,16155155421.5,5986626094.280001
155,2017-09-30T00:00:00Z,3985682857.9,2997012122.3500004
409,2017-09-30T00:00:00Z,1411548987.63,-691943000.5
488,2017-09-30T00:00:00Z,21929200769.31,5357142224.960001
498,2017-09-30T00:00:00Z,7862114700.34,3655601473.4500003
509,2017-09-30T00:00:00Z,1518403852.16,1447179417.8700001
526,2017-09-30T00:00:00Z,2283908338.63,1464815089.65
533,2017-09-30T00:00:00Z,4757324373.2,1790710295.6999998
548,2017-09-30T00:00:00Z,905703607.26,761883865.74
557,2017-09-30T00:00:00Z,433357075.69,172995484.62
565,2017-09-30T00:00:00Z,3233522717.05,1187072980.39
567,2017-09-30T00:00:00Z,130639588.55,109941529.03
576,2017-09-30T00:00:00Z,454322256.47,215579041.59000003
605,2017-09-30T00:00:00Z,1144928421.95,580930917.85
609,2017-09-30T00:00:00Z,240756893.51,234641078.82999998
639,2017-09-30T00:00:00Z,4281617863.24,2310618685.16
662,2017-09-30T00:00:00Z,448889783.22,-206745336.13
663,2017-09-30T00:00:00Z,852810162.29,-258353258.47000003
671,2017-09-30T00:00:00Z,15520820009.15,8061746475.509999
676,2017-09-30T00:00:00Z,4425551270.94,2950325743.45
697,2017-09-30T00:00:00Z,420223609.86,418835726.79
711,2017-09-30T00:00:00Z,913895625.04,884185122.9699999
723,2017-09-30T00:00:00Z,9401535420.52,5030197567.05
727,2017-09-30T00:00:00Z,4416595412.6,3751827175.3600006
735,2017-09-30T00:00:00Z,1068783043.8,574636386.81
736,2017-09-30T00:00:00Z,417736920.97,-1350312574
766,2017-09-30T00:00:00Z,912145794.5,389295470.76
820,2017-09-30T00:00:00Z,871288696.03,434697878.85999995
863,2017-09-30T00:00:00Z,1008208630.31,-3568400028.2000003
881,2017-09-30T00:00:00Z,4384445609.03,2325696558.7
892,2017-09-30T00:00:00Z,431933455.64,102240747.26999998
923,2017-09-30T00:00:00Z,3907605043.52,1411271957.2199998
938,2017-09-30T00:00:00Z,27021855245.69,9256529791.099998
951,2017-09-30T00:00:00Z,28263994943.28,14027117229.839998
977,2017-09-30T00:00:00Z,16581194375,7662173104.709999
980,2017-09-30T00:00:00Z,11595425580.76,10350125319.06
989,2017-09-30T00:00:00Z,2750496196.61,820738991.5600002
990,2017-09-30T00:00:00Z,4200994609.51,2436243602.3900003
995,2017-09-30T00:00:00Z,40635731.73,-107939464.20000002
2008,2017-09-30T00:00:00Z,8914357034.09,3925535804.26
2010,2017-09-30T00:00:00Z,11995433584.28,7985053286.43
2036,2017-09-30T00:00:00Z,3614616964.4,2033374784.94
2040,2017-09-30T00:00:00Z,481829235.72,345332905.87
2042,2017-09-30T00:00:00Z,8870453509.31,2078162917.8599997
2043,2017-09-30T00:00:00Z,2951482189.17,1161059387.16
2088,2017-09-30T00:00:00Z,1109488495.22,282293826.53
2090,2017-09-30T00:00:00Z,1701009207.87,631964270.8499999
2094,2017-09-30T00:00:00Z,3238331419.04,1601323553.28
2101,2017-09-30T00:00:00Z,3516211043.38,1648849122.5200002
2102,2017-09-30T00:00:00Z,6251267653.48,5531207483.9
2132,2017-09-30T00:00:00Z,2164558277.07,723641486.5500002
2164,2017-09-30T00:00:00Z,5575324200.04,5209208879.43
2177,2017-09-30T00:00:00Z,390707116.86,-202759574.29999995
2180,2017-09-30T00:00:00Z,16252915963.01,14039743782.5
2228,2017-09-30T00:00:00Z,4279576930.36,1799832428.3600001
2247,2017-09-30T00:00:00Z,1970961636.44,832745716.98
2265,2017-09-30T00:00:00Z,660320227.07,293992306.81000006
2280,2017-09-30T00:00:00Z,7817596267.15,6945618289.66
2307,2017-09-30T00:00:00Z,5406466535.49,1979981349.0299997
2314,2017-09-30T00:00:00Z,2707959074.51,-1336725142.6599998
2315,2017-09-30T00:00:00Z,955746987.58,503795874.42
2334,2017-09-30T00:00:00Z,1407637483.48,521530200.28
2354,2017-09-30T00:00:00Z,2237152268.65,927240541.96
2359,2017-09-30T00:00:00Z,1433024673.7,827265669.84
2365,2017-09-30T00:00:00Z,645123287.02,216661764.51999998
2366,2017-09-30T00:00:00Z,1605571153.87,807085235.6699998
2384,2017-09-30T00:00:00Z,10434053027.99,5277121295.469999
2408,2017-09-30T00:00:00Z,12781057897.01,9165574835.65
2427,2017-09-30T00:00:00Z,3713811293.13,2082635367.22
2432,2017-09-30T00:00:00Z,475437035.29,135376928.99
2449,2017-09-30T00:00:00Z,2582597803.79,906727302.1800001
2476,2017-09-30T00:00:00Z,224709448.58,-451988846.5799999
2496,2017-09-30T00:00:00Z,8938656290.89,5532009400.33
2499,2017-09-30T00:00:00Z,902401644.81,679819347.65
2503,2017-09-30T00:00:00Z,12577459690.26,8550652152.91
2504,2017-09-30T00:00:00Z,1690154583.47,-1241472213.7499998
2505,2017-09-30T00:00:00Z,9964862164.72,6194732183.709999
2509,2017-09-30T00:00:00Z,2587705936.85,1015414530.1199999
2515,2017-09-30T00:00:00Z,291545539.63,173364978.3
2530,2017-09-30T00:00:00Z,606721050.98,347762125.36
2564,2017-09-30T00:00:00Z,9015430956.11,8028602414.630001
2582,2017-09-30T00:00:00Z,2809388173.7,1861856309.4099998
2587,2017-09-30T00:00:00Z,655572270.8,375647326.48999995
2599,2017-09-30T00:00:00Z,939663520.9,318117815.11
2601,2017-09-30T00:00:00Z,7553389979.07,5521321908.719999
2611,2017-09-30T00:00:00Z,2337308088.86,1252512162.96
2629,2017-09-30T00:00:00Z,2443789450.94,2342233477.9500003
2637,2017-09-30T00:00:00Z,5282789728.73,2513353998.9699993
2638,2017-09-30T00:00:00Z,1178670983.11,542963423.3599999
2652,2017-09-30T00:00:00Z,2127020086.05,833380181.6800001
2668,2017-09-30T00:00:00Z,5209161867.64,1218023307.6900005
2682,2017-09-30T00:00:00Z,3141096816.7,1650125322.9099998
2684,2017-09-30T00:00:00Z,2480321094.17,1563325308.43
300035,2017-09-30T00:00:00Z,273022149.84,156251806.57999998
300038,2017-09-30T00:00:00Z,1732830906.01,1106493003.3
300044,2017-09-30T00:00:00Z,916900127.48,567217119.6400001
300061,2017-09-30T00:00:00Z,1352851462.95,798679414.4100001
300097,2017-09-30T00:00:00Z,689604795.46,383051833.17
300104,2017-09-30T00:00:00Z,6094642044.27,-10679187546.279999
300116,2017-09-30T00:00:00Z,8607840280.72,7453019937.949999
300122,2017-09-30T00:00:00Z,769054753.07,495821226.99000007
300157,2017-09-30T00:00:00Z,2541276841.05,1676124859.48
300176,2017-09-30T00:00:00Z,1900274828.26,839091332.53
300178,2017-09-30T00:00:00Z,2794205155.53,1925405742.1100001
300179,2017-09-30T00:00:00Z,232229198.76,126968621.60999998
300180,2017-09-30T00:00:00Z,1731804689.01,806502807.59
300184,2017-09-30T00:00:00Z,5964809820.22,4935823218.7300005
300189,2017-09-30T00:00:00Z,1046397557.91,625584360.21
300197,2017-09-30T00:00:00Z,4714234727.19,2279467202.0899997
300200,2017-09-30T00:00:00Z,586703968.63,224034544.01
300219,2017-09-30T00:00:00Z,2579777335.24,1008382699.0899997
300221,2017-09-30T00:00:00Z,1763033868.69,759161089.5500001
300227,2017-09-30T00:00:00Z,343694616.5,136456437.76
300233,2017-09-30T00:00:00Z,1869365147.27,1062498913.56
300238,2017-09-30T00:00:00Z,314242473.26,134478102.03
300247,2017-09-30T00:00:00Z,756911510.61,437619703.21000004
300261,2017-09-30T00:00:00Z,862445704.73,387886166.59000003
300266,2017-09-30T00:00:00Z,2583814013.98,1251358206.4
300274,2017-09-30T00:00:00Z,6641641231.73,3410970881.2699995
300284,2017-09-30T00:00:00Z,4058105624.84,1988363643.7200003
300285,2017-09-30T00:00:00Z,898572574.67,450558063.33
300297,2017-09-30T00:00:00Z,1449774764.37,611773172.1799998
300306,2017-09-30T00:00:00Z,365560099.87,203672118.98000002
300308,2017-09-30T00:00:00Z,1139473206.22,1056833525.1800001
300309,2017-09-30T00:00:00Z,586831541.23,471606879.72
300313,2017-09-30T00:00:00Z,139147734.31,-194578912.58999997
300331,2017-09-30T00:00:00Z,643438850.57,354828777.4200001
300338,2017-09-30T00:00:00Z,584415477.72,378787854.47
300349,2017-09-30T00:00:00Z,969946366.1,469694277.1
300355,2017-09-30T00:00:00Z,4593132294.58,2728667455.6499996
300356,2017-09-30T00:00:00Z,299008155.5,-191309034.63
300370,2017-09-30T00:00:00Z,783420772.78,469557847
300391,2017-09-30T00:00:00Z,501218581.77,329337986.39
300393,2017-09-30T00:00:00Z,2600575574.1,1706081719.23
300412,2017-09-30T00:00:00Z,279116027.98,88630481.98000002
300430,2017-09-30T00:00:00Z,360736719.55,101249296.70000002
300432,2017-09-30T00:00:00Z,1632792078.3,820669886.5699999
300488,2017-09-30T00:00:00Z,231133293.15,88709965.62
600035,2017-09-30T00:00:00Z,1819077668.09,871414721.1899999
600070,2017-09-30T00:00:00Z,1356938732.32,747828844.8699999
600072,2017-09-30T00:00:00Z,2729727810.83,-1074741158.25
600093,2017-09-30T00:00:00Z,9692182423.03,-1041135956.2699986
600125,2017-09-30T00:00:00Z,8544672035.63,3775376005.9300003
600127,2017-09-30T00:00:00Z,1997976441.89,493709691.01
600145,2017-09-30T00:00:00Z,341542522.42,341542522.42
600146,2017-09-30T00:00:00Z,1431292891.44,1424853563.04
600153,2017-09-30T00:00:00Z,144186596053.43,56940154632.87999
600188,2017-09-30T00:00:00Z,119218615e3,54441297e3
600221,2017-09-30T00:00:00Z,45182402e3,14370444e3
600242,2017-09-30T00:00:00Z,1447010104.42,738913392.58
600260,2017-09-30T00:00:00Z,11289975580.58,5767453909.309999
600279,2017-09-30T00:00:00Z,5176428885.03,3981839598.2799997
600293,2017-09-30T00:00:00Z,9081413618.92,8258301848.78
600309,2017-09-30T00:00:00Z,38963503949.47,18031322042.870003
600358,2017-09-30T00:00:00Z,165689687.61,106810050.64000002
600392,2017-09-30T00:00:00Z,3973875994.31,3439980164.42
600393,2017-09-30T00:00:00Z,5034414539.96,4460663614.56
600415,2017-09-30T00:00:00Z,8937436137.93,3299833564.87
600436,2017-09-30T00:00:00Z,2744696324.42,1119018178.29
600462,2017-09-30T00:00:00Z,529810419.24,309154977.99
600463,2017-09-30T00:00:00Z,1254882868.9,829471053.1500001
600515,2017-09-30T00:00:00Z,7698664711.26,2155581265.71
600516,2017-09-30T00:00:00Z,5229276758.86,3520561675.74
600519,2017-09-30T00:00:00Z,42450467500.01,15818583467.580002
600610,2017-09-30T00:00:00Z,440698352.96,321581526.77
600634,2017-09-30T00:00:00Z,621941573.82,-1617827478.6399999
600649,2017-09-30T00:00:00Z,1730462544.91,-5903984248.07
600657,2017-09-30T00:00:00Z,9478802330.04,5046123138.330001
600675,2017-09-30T00:00:00Z,5149673212.27,-5034354906.4
600679,2017-09-30T00:00:00Z,1086460013.15,628740138.6200001
600693,2017-09-30T00:00:00Z,2676812934.92,1456989530.8600001
600699,2017-09-30T00:00:00Z,19411578576.47,7679977873.790001
600701,2017-09-30T00:00:00Z,2749268378.25,1898108518.22
600708,2017-09-30T00:00:00Z,10873713349.33,3222578470.5
600728,2017-09-30T00:00:00Z,2378621137.31,865392239.79
600734,2017-09-30T00:00:00Z,3768129840.99,1503834864.0899997
600736,2017-09-30T00:00:00Z,2375120319.45,-2553423139.9000006
600747,2017-09-30T00:00:00Z,62730162.85,-1521125840.17
600751,2017-09-30T00:00:00Z,22389485e4,222357296e3
600753,2017-09-30T00:00:00Z,222937455.6,199323171.72
600755,2017-09-30T00:00:00Z,109150704526.01,43089387832.56
600757,2017-09-30T00:00:00Z,6700893157.13,-3678026396.7400007
600793,2017-09-30T00:00:00Z,755808347.61,550131184.65
600856,2017-09-30T00:00:00Z,4771223177.27,2630612127.2700005
600884,2017-09-30T00:00:00Z,6643679241.79,2777337150.95
600896,2017-09-30T00:00:00Z,33372931.35,-608765838.37
600898,2017-09-30T00:00:00Z,1051132496.03,413361798.06999993
600959,2017-09-30T00:00:00Z,5846894767.81,2262972784.2100005
600978,2017-09-30T00:00:00Z,5519939356.2,1767207037.77
601106,2017-09-30T00:00:00Z,6600794050.9,4222951320.5799994
601225,2017-09-30T00:00:00Z,39403614156.14,19098922587.27
601699,2017-09-30T00:00:00Z,16956467183.22,8960999911.289999
601880,2017-09-30T00:00:00Z,6188284891.11,-3621303508.9900007
603993,2017-09-30T00:00:00Z,17706531600,14210495200
4,2017-12-31T00:00:00Z,138605841.98,-149064184.6
16,2017-12-31T00:00:00Z,31227763249.71,10928415113.5
29,2017-12-31T00:00:00Z,1345912605.09,-1006110923.3399999
34,2017-12-31T00:00:00Z,62215950458.56,21684826957.629997
35,2017-12-31T00:00:00Z,1611814141.41,631314463.59
36,2017-12-31T00:00:00Z,3971747004.38,1800003187.69
40,2017-12-31T00:00:00Z,8131025319.77,4357523614.2300005
46,2017-12-31T00:00:00Z,8384796584.74,-10236771187.160002
55,2017-12-31T00:00:00Z,2947470813.58,-1256395360.1399999
56,2017-12-31T00:00:00Z,702271639.39,376431769.96999997
58,2017-12-31T00:00:00Z,1981307558.23,610262576.1200001
66,2017-12-31T00:00:00Z,9506838836.12,-64665968228.93
78,2017-12-31T00:00:00Z,24939637653.31,11333715985.330002
155,2017-12-31T00:00:00Z,6509123209.16,4495209940.9
413,2017-12-31T00:00:00Z,17336364158.13,9704314608.880001
426,2017-12-31T00:00:00Z,2111439098.89,1245729464.5700002
488,2017-12-31T00:00:00Z,29851743848.13,6944625606.290001
498,2017-12-31T00:00:00Z,12384729807.97,4237078535.0199995
502,2017-12-31T00:00:00Z,22061342.83,-277440113.74
505,2017-12-31T00:00:00Z,7917639044.13,-805852613.1799994
509,2017-12-31T00:00:00Z,2240890267.68,2162055258.87
521,2017-12-31T00:00:00Z,16797436757.36,4270725889.870001
524,2017-12-31T00:00:00Z,6392025592.6,572696223.6500006
526,2017-12-31T00:00:00Z,2811592268.21,1504738965.2
533,2017-12-31T00:00:00Z,8266947606.46,3928477875.8500004
537,2017-12-31T00:00:00Z,21642295263.07,12459347517.13
546,2017-12-31T00:00:00Z,5073360650.3,2909278296.4700003
548,2017-12-31T00:00:00Z,970869367.96,759388062.99
557,2017-12-31T00:00:00Z,659644140.31,196518233.87999994
558,2017-12-31T00:00:00Z,1324249129.79,-2476005956.7200003
564,2017-12-31T00:00:00Z,27686296147.07,13247607653.17
565,2017-12-31T00:00:00Z,3609032830.9,1251717321.3899999
567,2017-12-31T00:00:00Z,202505533.88,158076822
571,2017-12-31T00:00:00Z,1603168965.16,732836563.4100001
605,2017-12-31T00:00:00Z,1662946088.98,864161769.4
609,2017-12-31T00:00:00Z,271220985.6,139722397.47000003
615,2017-12-31T00:00:00Z,2795030579.7,-1447586272.38
631,2017-12-31T00:00:00Z,6681695222.33,3046376337.47
639,2017-12-31T00:00:00Z,5618341324.44,2243119038.5799994
661,2017-12-31T00:00:00Z,4102261578.1,1204821774.7599998
662,2017-12-31T00:00:00Z,1665586760.97,388247075.86000013
663,2017-12-31T00:00:00Z,1240034146.62,-313949981.6200001
668,2017-12-31T00:00:00Z,269986791.41,256984855.71000004
671,2017-12-31T00:00:00Z,33163130244.67,13565110135.019997
676,2017-12-31T00:00:00Z,6373794918.71,4009787718.31
695,2017-12-31T00:00:00Z,1006703553.06,402143117.1199999
697,2017-12-31T00:00:00Z,752737593.72,740083757.5600001
703,2017-12-31T00:00:00Z,64283848065.87,31864508519.590004
711,2017-12-31T00:00:00Z,1807935669.42,1347122067.56
723,2017-12-31T00:00:00Z,12237789421.46,5127872783.279999
727,2017-12-31T00:00:00Z,5994988894.87,4418396898.66
735,2017-12-31T00:00:00Z,1298149934.33,407072676.8799999
736,2017-12-31T00:00:00Z,5793578805.33,1063878783.9399996
766,2017-12-31T00:00:00Z,1521410294.36,671326923.2899998
786,2017-12-31T00:00:00Z,11164343454.6,3008264308.54
797,2017-12-31T00:00:00Z,4171559907.42,1600386259.38
802,2017-12-31T00:00:00Z,1321001513.9,394451239.6300001
803,2017-12-31T00:00:00Z,302100041.75,229111790.91
820,2017-12-31T00:00:00Z,1316788163.72,451437419.9
826,2017-12-31T00:00:00Z,9358384719.85,2441829247.7700005
863,2017-12-31T00:00:00Z,2473918205.16,-4230930290.83
877,2017-12-31T00:00:00Z,7079776567.83,2078514433.7200003
881,2017-12-31T00:00:00Z,6369434442.24,3346659105.02
887,2017-12-31T00:00:00Z,11770479678.28,3386110775.920001
892,2017-12-31T00:00:00Z,1567214149.69,828661502.73
903,2017-12-31T00:00:00Z,5909678325,1984052900.0700002
909,2017-12-31T00:00:00Z,2663951067.74,1088930418.7599998
923,2017-12-31T00:00:00Z,5401184628.47,1520180752.8100004
925,2017-12-31T00:00:00Z,2086396395.84,880424962.1799998
938,2017-12-31T00:00:00Z,39071040894.34,11361331829.999996
951,2017-12-31T00:00:00Z,37310404647.78,16191409959.379997
975,2017-12-31T00:00:00Z,1482617517.48,720765541.11
977,2017-12-31T00:00:00Z,25488175696.93,12820429735.07
980,2017-12-31T00:00:00Z,20804317034.39,19110816660.6
989,2017-12-31T00:00:00Z,3836565885.16,1162767841.69
990,2017-12-31T00:00:00Z,5694725349.77,3120684647.4000006
995,2017-12-31T00:00:00Z,47605091.18,-130222976.18
996,2017-12-31T00:00:00Z,60928579.89,-52289953.730000004
998,2017-12-31T00:00:00Z,3190019342.23,890609171.44
2008,2017-12-31T00:00:00Z,11560093510.32,4601205486.7
2010,2017-12-31T00:00:00Z,19215357660.35,11048630883.14
2016,2017-12-31T00:00:00Z,3105248137.41,1672292639.58
2017,2017-12-31T00:00:00Z,1189810002.52,-306957851.45000005
2036,2017-12-31T00:00:00Z,5054383546.71,2082868799.88
2040,2017-12-31T00:00:00Z,677836191,455098448
2041,2017-12-31T00:00:00Z,803820973.69,-798809765.73
2042,2017-12-31T00:00:00Z,12596539031.75,3759631550.1000004
2043,2017-12-31T00:00:00Z,4119558474.48,1442546213.6399999
2044,2017-12-31T00:00:00Z,6233050789.27,1918919048.9100008
2045,2017-12-31T00:00:00Z,4048817227,1479905482
2061,2017-12-31T00:00:00Z,20768411377.83,5998236950.870003
2062,2017-12-31T00:00:00Z,8127247316.47,-670527649.9000006
2064,2017-12-31T00:00:00Z,4149684213.89,1305455845.46
2068,2017-12-31T00:00:00Z,6947338883.99,2566241547.3599997
2076,2017-12-31T00:00:00Z,1025567733.65,212170674.09000003
2079,2017-12-31T00:00:00Z,1854591461.11,667257032.01
2082,2017-12-31T00:00:00Z,14635458223.54,5451991915.870001
2088,2017-12-31T00:00:00Z,1595779826.14,406261498.94000006
2092,2017-12-31T00:00:00Z,41059027041.86,17696702952.64
2094,2017-12-31T00:00:00Z,4676528740.21,2305532406.9900002
2098,2017-12-31T00:00:00Z,1859901688.9,684411530.8000002
2101,2017-12-31T00:00:00Z,5002622983.12,2324389434.64
2102,2017-12-31T00:00:00Z,9735868785.68,8848661836.880001
2103,2017-12-31T00:00:00Z,2378495764.2,735285825.6099999
2114,2017-12-31T00:00:00Z,1618758049.5,615032540.28
2121,2017-12-31T00:00:00Z,4376025786.02,1214121164.3200006
2126,2017-12-31T00:00:00Z,4323263145.1,1204669826.8300004
2132,2017-12-31T00:00:00Z,3046175236.9,981719662.3500001
2135,2017-12-31T00:00:00Z,7791528910.4,2053060750.5199995
2147,2017-12-31T00:00:00Z,2008132897.56,-1728333431.7000003
2151,2017-12-31T00:00:00Z,2204267131.7,587078489.8699999
2155,2017-12-31T00:00:00Z,10325751218.85,3544616028.4000006
2156,2017-12-31T00:00:00Z,6519255165.45,1927598513.8899994
2164,2017-12-31T00:00:00Z,12870264674.87,12355420411.04
2169,2017-12-31T00:00:00Z,1831317197.24,433128893.1400001
2177,2017-12-31T00:00:00Z,569714606.45,-201227896
2180,2017-12-31T00:00:00Z,21323938529.08,15518476214.29
2195,2017-12-31T00:00:00Z,3200186897.68,1458584874.4699998
2203,2017-12-31T00:00:00Z,29816268253.96,11899161194.77
2212,2017-12-31T00:00:00Z,5133108988.63,2262395676.01
2215,2017-12-31T00:00:00Z,2821575182.39,858648763.1399999
2219,2017-12-31T00:00:00Z,3399324143.5,1224102956.1100001
2221,2017-12-31T00:00:00Z,32678284770.73,12703251842.89
2223,2017-12-31T00:00:00Z,3541562711.05,901362917.25
2228,2017-12-31T00:00:00Z,6323377418.05,2781004339.5600004
2230,2017-12-31T00:00:00Z,5444688147.38,2124211457.81
2232,2017-12-31T00:00:00Z,1712208976.17,442334471.8000002
2236,2017-12-31T00:00:00Z,18844458053.78,5515364042.959999
2245,2017-12-31T00:00:00Z,3588421311.25,1662431947.69
2247,2017-12-31T00:00:00Z,3062766657.2,1412695461.86
2258,2017-12-31T00:00:00Z,3083547891.99,1101245293.0199997
2265,2017-12-31T00:00:00Z,904138828.42,378178124.91999996
2270,2017-12-31T00:00:00Z,1808779366.16,772061471.1800001
2271,2017-12-31T00:00:00Z,10292965441.05,3292732661.6799994
2279,2017-12-31T00:00:00Z,1992176981,671374949.69
2280,2017-12-31T00:00:00Z,12345021111.37,11143808449.400002
2283,2017-12-31T00:00:00Z,3021430813.37,1199922479.11
2289,2017-12-31T00:00:00Z,400884702.27,-900342963.6600001
2293,2017-12-31T00:00:00Z,4661850865.51,1509634423.3600001
2307,2017-12-31T00:00:00Z,9806439908.8,3276483581.5099993
2309,2017-12-31T00:00:00Z,19414957765.2,8123322834.560001
2310,2017-12-31T00:00:00Z,15226101711.79,6662104742.920001
2314,2017-12-31T00:00:00Z,6601520545.77,1615708469.0900002
2315,2017-12-31T00:00:00Z,1211088801.42,527116878.08000004
2321,2017-12-31T00:00:00Z,4121925898.01,1607217428.21
2326,2017-12-31T00:00:00Z,2751122306.66,1002586039.05
2334,2017-12-31T00:00:00Z,2122310971.78,798328794.1499999
2348,2017-12-31T00:00:00Z,661152899.56,257645549.16999996
2354,2017-12-31T00:00:00Z,3101374995.27,1426514373.6
2359,2017-12-31T00:00:00Z,2095872420.5,1155744586.3
2365,2017-12-31T00:00:00Z,932771728.82,383372003.85
2366,2017-12-31T00:00:00Z,2469808306.59,1259736928.8200002
2377,2017-12-31T00:00:00Z,2551463712.32,1926469450.4
2383,2017-12-31T00:00:00Z,2287703748.99,1117420154.5499997
2384,2017-12-31T00:00:00Z,15389565629.62,6986268412.780001
2389,2017-12-31T00:00:00Z,1446735530.13,931571815.71
2396,2017-12-31T00:00:00Z,7705135612.62,2017477329.5900002
2402,2017-12-31T00:00:00Z,1978567897.31,632469132.27
2408,2017-12-31T00:00:00Z,22226197019.38,16350955894.37
2414,2017-12-31T00:00:00Z,1016457840.62,206123233.31000006
2422,2017-12-31T00:00:00Z,11434948841,2869005426
2427,2017-12-31T00:00:00Z,5111627446.9,2651537954.99
2429,2017-12-31T00:00:00Z,10228670515.48,2751324137.7699995
2430,2017-12-31T00:00:00Z,6451799195.92,1507333420.54
2432,2017-12-31T00:00:00Z,597918934.37,177780809.01999998
2435,2017-12-31T00:00:00Z,2986947600.31,871944062.1799998
2447,2017-12-31T00:00:00Z,391885818.17,-389749399.04
2449,2017-12-31T00:00:00Z,3472602396.63,1054178546.46
2458,2017-12-31T00:00:00Z,656404863.44,-954727681.3
2460,2017-12-31T00:00:00Z,4383446140.42,1539325792.77
2472,2017-12-31T00:00:00Z,2638946952.16,896272251.8299999
2475,2017-12-31T00:00:00Z,22826099790.37,9063503895.98
2476,2017-12-31T00:00:00Z,409828476.69,-488181663.88000005
2483,2017-12-31T00:00:00Z,1842939896.04,-981491450.3699999
2488,2017-12-31T00:00:00Z,3001200083.68,729288414.69
2493,2017-12-31T00:00:00Z,70531353416.3,25030279503.200005
2497,2017-12-31T00:00:00Z,2358496629.35,779063772.5
2499,2017-12-31T00:00:00Z,885516751.09,559415322.8100001
2503,2017-12-31T00:00:00Z,18330385020.26,12010401751.8
2504,2017-12-31T00:00:00Z,1771243681.03,-1866297656.9199998
2505,2017-12-31T00:00:00Z,12377989797.79,6154826161.400001
2509,2017-12-31T00:00:00Z,3518942293.76,1094119788.7600002
2515,2017-12-31T00:00:00Z,372169932.74,211605023.31
2518,2017-12-31T00:00:00Z,2729616152.7,979171386.5899999
2528,2017-12-31T00:00:00Z,2905602991.2,926891876.9499998
2530,2017-12-31T00:00:00Z,997742267.47,513903549.82000005
2543,2017-12-31T00:00:00Z,6531948411.85,1572436271.1200008
2547,2017-12-31T00:00:00Z,3804480130.63,1268623673.3000002
2562,2017-12-31T00:00:00Z,1564526799.71,501129351.2900001
2564,2017-12-31T00:00:00Z,10403683552.02,9208538312.960001
2582,2017-12-31T00:00:00Z,4070449726.99,1998617722.4499998
2586,2017-12-31T00:00:00Z,2870588232.49,677973014.2599998
2587,2017-12-31T00:00:00Z,1041124027.4,584044288.3499999
2589,2017-12-31T00:00:00Z,23293620460.21,7674954222.959999
2596,2017-12-31T00:00:00Z,2877542322.17,1034953238.4300001
2598,2017-12-31T00:00:00Z,701008138.92,219726065.85999995
2599,2017-12-31T00:00:00Z,1403484004.75,560035371.86
2601,2017-12-31T00:00:00Z,10257509524.84,6121949910.14
2604,2017-12-31T00:00:00Z,1965878826.54,1086310328.78
2609,2017-12-31T00:00:00Z,949518021.45,165642510.06000006
2611,2017-12-31T00:00:00Z,4684845398.24,3151457099.62
2613,2017-12-31T00:00:00Z,1133983049.37,256762093.51999986
2617,2017-12-31T00:00:00Z,3244834457.48,1849061448.81
2629,2017-12-31T00:00:00Z,3313840120.32,2999018377.13
2631,2017-12-31T00:00:00Z,1600287780.35,468732955.27
2632,2017-12-31T00:00:00Z,806798289.37,285006206.11
2635,2017-12-31T00:00:00Z,2714600818.92,886938369.99
2637,2017-12-31T00:00:00Z,6908279241.87,2547618868.79
2638,2017-12-31T00:00:00Z,1608990344.08,765883020.5799999
2654,2017-12-31T00:00:00Z,3042131797.48,1471956799.25
2659,2017-12-31T00:00:00Z,620212284.8,296470386.06999993
2666,2017-12-31T00:00:00Z,3145194889.18,774634858.9699998
2668,2017-12-31T00:00:00Z,6964354629.59,1922937443.1500006
2674,2017-12-31T00:00:00Z,2112745711.07,-453112008.51
2677,2017-12-31T00:00:00Z,1026358726.69,360675105.1700001
2681,2017-12-31T00:00:00Z,3209860300.41,1106278305.5099998
2682,2017-12-31T00:00:00Z,4750821263.37,2373182741.2999997
2684,2017-12-31T00:00:00Z,3904985302.41,1871855962.5199997
2685,2017-12-31T00:00:00Z,5001881612.76,2861662879.83
2686,2017-12-31T00:00:00Z,1366513724.51,379474952.5
2693,2017-12-31T00:00:00Z,246769505.5,101633717.9
2694,2017-12-31T00:00:00Z,2062156882.39,530999686.5
2711,2017-12-31T00:00:00Z,6921865325.77,3833829368.5900006
2717,2017-12-31T00:00:00Z,4778740842.62,2211045080.14
2753,2017-12-31T00:00:00Z,1985337878.21,889075476.6300001
300002,2017-12-31T00:00:00Z,2026498700.16,-910083230.3900001
300006,2017-12-31T00:00:00Z,1282070992.01,291854618.53
300012,2017-12-31T00:00:00Z,2118230537.6,465969862.1299999
300014,2017-12-31T00:00:00Z,2982304750.14,642592742.6399999
300015,2017-12-31T00:00:00Z,5962845559.96,1962443888.7800002
300033,2017-12-31T00:00:00Z,1409698260.25,-323958143.52
300035,2017-12-31T00:00:00Z,420670309.16,257839103.81000003
300036,2017-12-31T00:00:00Z,1249758548.46,416607903.21000004
300038,2017-12-31T00:00:00Z,2751327886.67,1767109184.08
300044,2017-12-31T00:00:00Z,1498494144.88,496479942.69000006
300045,2017-12-31T00:00:00Z,570923683.58,152381714.34000003
300056,2017-12-31T00:00:00Z,1309103505.3,361044447.74
300061,2017-12-31T00:00:00Z,1987346441.28,986401478.67
300064,2017-12-31T00:00:00Z,1532773223.28,568350055.28
300069,2017-12-31T00:00:00Z,260073860.69,-76660883.32999998
300070,2017-12-31T00:00:00Z,13767286079.82,4875000942.110001
300084,2017-12-31T00:00:00Z,511638748.4,226943562.28999996
300091,2017-12-31T00:00:00Z,1463461741.12,517395975.4699999
300093,2017-12-31T00:00:00Z,600548553.47,248288597.17000002
300094,2017-12-31T00:00:00Z,4095806660.34,1474439719.02
300097,2017-12-31T00:00:00Z,912991825.2,310962893.63
300098,2017-12-31T00:00:00Z,2237019731.81,929353082.3299999
300099,2017-12-31T00:00:00Z,422911717.94,192553438.49
300104,2017-12-31T00:00:00Z,7025215802.22,-14925735608.25
300116,2017-12-31T00:00:00Z,9659611266.5,5840009951.49
300122,2017-12-31T00:00:00Z,1342568632.76,896621480.39
300123,2017-12-31T00:00:00Z,1046825196.28,459702507.9599999
300140,2017-12-31T00:00:00Z,1901419572.89,585653672.9200001
300145,2017-12-31T00:00:00Z,3814653405.6,1024605440.5699997
300153,2017-12-31T00:00:00Z,1073216984.25,258102944.91999996
300157,2017-12-31T00:00:00Z,2933483520.08,1581339419.4099998
300165,2017-12-31T00:00:00Z,792027581.7,361627167.40000004
300170,2017-12-31T00:00:00Z,2325047409.32,614829380.8100002
300176,2017-12-31T00:00:00Z,2936889367.45,1503927724.9699998
300177,2017-12-31T00:00:00Z,1020790749.55,255149625.5899999
300178,2017-12-31T00:00:00Z,3529649924.58,2249406213.45
300179,2017-12-31T00:00:00Z,314497693.63,147624669.82
300180,2017-12-31T00:00:00Z,2505593912.49,1066510990.0699997
300184,2017-12-31T00:00:00Z,8238311450.2,6645574582.51
300188,2017-12-31T00:00:00Z,1336640411.37,338731907.9899999
300189,2017-12-31T00:00:00Z,451438322.09,-707976301.6200001
300190,2017-12-31T00:00:00Z,1417765375.61,644291306.7499999
300197,2017-12-31T00:00:00Z,8187790259.64,3614527380.3900003
300199,2017-12-31T00:00:00Z,1246233503.67,391185594.57000005
300200,2017-12-31T00:00:00Z,853608371.88,325890583.4
300207,2017-12-31T00:00:00Z,14044882525.43,5992916920.700001
300209,2017-12-31T00:00:00Z,995162780.85,271061709.94000006
300217,2017-12-31T00:00:00Z,1730197836.81,800515809.7199999
300219,2017-12-31T00:00:00Z,3699261187.21,1441151823.4900002
300221,2017-12-31T00:00:00Z,2563451379.09,1122894629.7
300222,2017-12-31T00:00:00Z,2559275587.12,825290559.2299998
300226,2017-12-31T00:00:00Z,73697051320.85,32418060171.960007
300227,2017-12-31T00:00:00Z,513408091.29,200965599.21000004
300232,2017-12-31T00:00:00Z,3030527598.97,1284583865.0099998
300233,2017-12-31T00:00:00Z,2788037100.79,1367652081.3999999
300238,2017-12-31T00:00:00Z,450366981.74,137577321.32999998
300247,2017-12-31T00:00:00Z,1217589896.35,617684918.6499999
300258,2017-12-31T00:00:00Z,1128861164.53,230256445.56999993
300259,2017-12-31T00:00:00Z,744891093.73,238945232.95000005
300261,2017-12-31T00:00:00Z,1207829069.32,546275740.9499999
300268,2017-12-31T00:00:00Z,574645139.94,567779539.23
300276,2017-12-31T00:00:00Z,625311214.23,297734063.43
300284,2017-12-31T00:00:00Z,6519028621.23,2317769008.0399995
300285,2017-12-31T00:00:00Z,1217619694.04,533911950.8399999
300297,2017-12-31T00:00:00Z,2216476420.87,642971860.1499999
300302,2017-12-31T00:00:00Z,379615450.57,-91901562.38
300306,2017-12-31T00:00:00Z,557612755.18,334361507.90999997
300308,2017-12-31T00:00:00Z,2357083470.26,2225463085.3500004
300309,2017-12-31T00:00:00Z,746328467.51,507819687.5
300311,2017-12-31T00:00:00Z,1076908064.59,414048273.0899999
300313,2017-12-31T00:00:00Z,195305726.71,-179901339.1
300319,2017-12-31T00:00:00Z,1441336856.4,-301338754.9699998
300329,2017-12-31T00:00:00Z,469657839.79,80480717.76000005
300330,2017-12-31T00:00:00Z,223729929.71,89923170.69000001
300331,2017-12-31T00:00:00Z,944117737.91,528394288.03
300335,2017-12-31T00:00:00Z,1920714675.15,860053574.8500001
300338,2017-12-31T00:00:00Z,980739991.85,639815075.72
300340,2017-12-31T00:00:00Z,2060599656.75,1273608832.96
300349,2017-12-31T00:00:00Z,1687545358.63,833293597.5700002
300355,2017-12-31T00:00:00Z,5578887956,2718381600.88
300356,2017-12-31T00:00:00Z,540224208.56,-274073870.61
300370,2017-12-31T00:00:00Z,1766370972.14,831723494.7800001
300388,2017-12-31T00:00:00Z,2628091410.35,1165397907.4099998
300391,2017-12-31T00:00:00Z,744154806.61,509288758.5
300393,2017-12-31T00:00:00Z,3242852763.05,1855143186.7200003
300398,2017-12-31T00:00:00Z,820367582.45,429327429.99000007
300409,2017-12-31T00:00:00Z,1695623357.79,891969925.0799999
300410,2017-12-31T00:00:00Z,1265378908.03,665034257.1999999
300411,2017-12-31T00:00:00Z,464905116.32,121061047.25999999
300412,2017-12-31T00:00:00Z,445032263.85,143239434.3
300421,2017-12-31T00:00:00Z,663356782.3,177178609.33999997
300427,2017-12-31T00:00:00Z,743861467.27,333303986.44
300430,2017-12-31T00:00:00Z,555130304.42,182071148.06999993
300432,2017-12-31T00:00:00Z,2328218161.22,1156582011.0199997
300434,2017-12-31T00:00:00Z,704012121.33,541597665.6800001
300449,2017-12-31T00:00:00Z,690555875.88,137124502.20000005
300451,2017-12-31T00:00:00Z,1152952938.09,604307630.55
300467,2017-12-31T00:00:00Z,278195701.58,120191937.30999997
300471,2017-12-31T00:00:00Z,738925332.19,-562097732.56
300473,2017-12-31T00:00:00Z,2540913519.56,1918236145.94
300477,2017-12-31T00:00:00Z,2109345874.22,847371928.78
300480,2017-12-31T00:00:00Z,192488927.18,60335757.510000005
300482,2017-12-31T00:00:00Z,1145484483.07,598131196.16
300485,2017-12-31T00:00:00Z,749986848.13,133748360.65999997
300488,2017-12-31T00:00:00Z,324077136,114913437.13999999
300509,2017-12-31T00:00:00Z,500484643.95,46426804.75999999
300510,2017-12-31T00:00:00Z,741314476.23,363088498.34000003
300525,2017-12-31T00:00:00Z,309882371.93,138631075.81
300539,2017-12-31T00:00:00Z,492000878.41,93362605.38000005
300550,2017-12-31T00:00:00Z,276257927.4,40617696.23999998
300659,2017-12-31T00:00:00Z,281123191.83,65219440.17999998
600035,2017-12-31T00:00:00Z,2688435228.86,1415833344.69
600051,2017-12-31T00:00:00Z,7068770730.61,2886217540.5499997
600053,2017-12-31T00:00:00Z,755990822.26,-888162799.8299999
600057,2017-12-31T00:00:00Z,203290634265.09,84223777526.68
600070,2017-12-31T00:00:00Z,1927233695.71,1047891859.9200001
600077,2017-12-31T00:00:00Z,2749286861.61,-5014607250
600091,2017-12-31T00:00:00Z,65476771.63,37241260.88
600093,2017-12-31T00:00:00Z,15437428994.3,-266660652.09000015
600125,2017-12-31T00:00:00Z,11683514658.11,5371032160.990001
600127,2017-12-31T00:00:00Z,2759606169.58,542374237.7599998
600130,2017-12-31T00:00:00Z,1619824840.1,-1570198503.31
600131,2017-12-31T00:00:00Z,821584240.4,-315026324.4599999
600136,2017-12-31T00:00:00Z,911935969.19,342892675.70000005
600139,2017-12-31T00:00:00Z,287013744.23,-576900776.62
600145,2017-12-31T00:00:00Z,341552374.98,328854642.94
600146,2017-12-31T00:00:00Z,2187433258.58,1757761011.07
600153,2017-12-31T00:00:00Z,218601578976.54,73010688463.91
600165,2017-12-31T00:00:00Z,1247939683.41,-1537114186.32
600172,2017-12-31T00:00:00Z,3166525962.21,804912099.6399999
600179,2017-12-31T00:00:00Z,6760621855.82,2962494754.6499996
600180,2017-12-31T00:00:00Z,37497475139.13,16263929863.389996
600188,2017-12-31T00:00:00Z,151227775e3,48945627e3
600190,2017-12-31T00:00:00Z,4531496188.64,1978825842.5000005
600198,2017-12-31T00:00:00Z,4347688462.2,-2881984351.91
600213,2017-12-31T00:00:00Z,2386729781.22,-1009014189.1200004
600217,2017-12-31T00:00:00Z,2338202635.66,876837782.55
600221,2017-12-31T00:00:00Z,59903948e3,19225818e3
600239,2017-12-31T00:00:00Z,14390839245.91,4621154057.289999
600242,2017-12-31T00:00:00Z,2135043103.77,820810919.71
600247,2017-12-31T00:00:00Z,203203269.54,-601825507.63
600260,2017-12-31T00:00:00Z,15138429293.96,6717749380.819999
600276,2017-12-31T00:00:00Z,13835629369.98,2741905248.799999
600279,2017-12-31T00:00:00Z,6320538389.06,4105117787.9600005
600285,2017-12-31T00:00:00Z,1848525085.19,409211612.3700001
600293,2017-12-31T00:00:00Z,12050492171.87,8695911496.050001
600309,2017-12-31T00:00:00Z,53123173258.81,23023311728.37
600310,2017-12-31T00:00:00Z,10244834999.8,5032211812.499999
600316,2017-12-31T00:00:00Z,2530024697.54,-1150159212.7600002
600321,2017-12-31T00:00:00Z,1163468540.16,600757467.6600001
600322,2017-12-31T00:00:00Z,6349494851.56,2818245997.1700006
600337,2017-12-31T00:00:00Z,4179418202.22,712905816.0299997
600358,2017-12-31T00:00:00Z,287519905.06,170235519.81
600382,2017-12-31T00:00:00Z,640902275.29,401337341.05999994
600390,2017-12-31T00:00:00Z,9908892576.9,970474824.1399994
600392,2017-12-31T00:00:00Z,5203559760.1,3832426223.4100003
600393,2017-12-31T00:00:00Z,5600660745.26,4646746905.91
600406,2017-12-31T00:00:00Z,24197908118.35,-4050469738.9000015
600415,2017-12-31T00:00:00Z,10017096584.81,2979065009.3999996
600436,2017-12-31T00:00:00Z,3713953975.95,1404999706.2399998
600448,2017-12-31T00:00:00Z,2850155069.66,489040151.6999998
600462,2017-12-31T00:00:00Z,1570380998.72,1157984516.95
600463,2017-12-31T00:00:00Z,1605304558.92,896119327.0000001
600468,2017-12-31T00:00:00Z,1221516446.68,381095372.1200001
600480,2017-12-31T00:00:00Z,11844950858.23,2947072784.4799995
600485,2017-12-31T00:00:00Z,646934647.96,-2441034196.17
600490,2017-12-31T00:00:00Z,6056409013.61,3496321069.2499995
600516,2017-12-31T00:00:00Z,8350476104.76,5955184523.190001
600519,2017-12-31T00:00:00Z,58217861314.17,19355671320.33
600525,2017-12-31T00:00:00Z,7432956015.32,1583992309.12
600528,2017-12-31T00:00:00Z,15885586111.51,-48977064666.799995
600549,2017-12-31T00:00:00Z,14188321857.01,5659931194.41
600565,2017-12-31T00:00:00Z,9537987619.52,-4731308571.199999
600590,2017-12-31T00:00:00Z,5100618164.65,1198682504.2599998
600603,2017-12-31T00:00:00Z,1100658652.03,454742656.87
600604,2017-12-31T00:00:00Z,2191395319.81,1011256734.8
600608,2017-12-31T00:00:00Z,470086310.9,207129733.14
600621,2017-12-31T00:00:00Z,2225647734.75,1614103394.26
600626,2017-12-31T00:00:00Z,11125998826.26,2450877895.8600006
600633,2017-12-31T00:00:00Z,1626620617.73,-1923311171.8000002
600634,2017-12-31T00:00:00Z,805565929.56,-1535910598.4
600649,2017-12-31T00:00:00Z,3215164134.6,-6261361602.25
600651,2017-12-31T00:00:00Z,5444845625.17,-1733106458.8000002
600657,2017-12-31T00:00:00Z,15216048901.01,3645366944.6800003
600662,2017-12-31T00:00:00Z,4077559849.07,-927228305.2599998
600675,2017-12-31T00:00:00Z,7658970284.82,-6549425752.889999
600679,2017-12-31T00:00:00Z,1428081358.55,797947135.63
600681,2017-12-31T00:00:00Z,2972300082.82,1252415397.6200001
600690,2017-12-31T00:00:00Z,159254466909.46,40122205246.859985
600699,2017-12-31T00:00:00Z,26605600272.9,8053191073.27
600701,2017-12-31T00:00:00Z,3349845874.35,1698734745.81
600711,2017-12-31T00:00:00Z,20667645051.42,7957623556.749998
600728,2017-12-31T00:00:00Z,4311956371.39,1463761491.9700003
600734,2017-12-31T00:00:00Z,6474445474.46,2241456930.69
600751,2017-12-31T00:00:00Z,315460006e3,277898798e3
600753,2017-12-31T00:00:00Z,346233448.05,316167392.82
600755,2017-12-31T00:00:00Z,164650777915.24,66574211075.57999
600757,2017-12-31T00:00:00Z,11231863421.91,-2611102721.450001
600763,2017-12-31T00:00:00Z,1179727843.01,300964129.08000004
600777,2017-12-31T00:00:00Z,1522530294.9,1279424074.25
600781,2017-12-31T00:00:00Z,5799924018.25,786470064.9300003
600793,2017-12-31T00:00:00Z,1157964829.79,713085315.74
600798,2017-12-31T00:00:00Z,1587239981.58,455667203.53999996
600801,2017-12-31T00:00:00Z,20889291990,7363532500
600830,2017-12-31T00:00:00Z,994333558.55,-997838670.97
600856,2017-12-31T00:00:00Z,6492917442.51,2857498281.46
600881,2017-12-31T00:00:00Z,17654682882.78,6643952395.65
600884,2017-12-31T00:00:00Z,8270540870.17,2795771461.92
600890,2017-12-31T00:00:00Z,76542213.6,65708749.779999994
600896,2017-12-31T00:00:00Z,44111203.51,-810113106.86
600898,2017-12-31T00:00:00Z,2198618602.41,1048525318.9299998
600959,2017-12-31T00:00:00Z,8095104575.05,2673280858.6000004
600967,2017-12-31T00:00:00Z,11967458041.4,1907566247.9099998
600973,2017-12-31T00:00:00Z,20691164048.09,5564465461.74
600978,2017-12-31T00:00:00Z,8021563711.14,2321394889.0300007
600990,2017-12-31T00:00:00Z,5056842611.89,1074073807.7200003
600993,2017-12-31T00:00:00Z,1750592393.66,-352214501.8499999
601021,2017-12-31T00:00:00Z,10970589893,2541185621
601100,2017-12-31T00:00:00Z,2795211617.28,1425111348.9200003
601106,2017-12-31T00:00:00Z,10251825155.33,7047421923.95
601188,2017-12-31T00:00:00Z,1787076585.6,1287992385.98
601225,2017-12-31T00:00:00Z,50927001983.06,17795255620.05
601238,2017-12-31T00:00:00Z,71143881235,21726205084
601588,2017-12-31T00:00:00Z,15456514443,5626735196
601677,2017-12-31T00:00:00Z,10363322726.81,2884219237.1099997
601699,2017-12-31T00:00:00Z,23543556034.52,9314187699.79
601880,2017-12-31T00:00:00Z,9031643350.22,-3782840510.92
603002,2017-12-31T00:00:00Z,1237094651.51,327204871.25
603007,2017-12-31T00:00:00Z,1036783488.19,525899952.94000006
603017,2017-12-31T00:00:00Z,1454294466.44,541950925.36
603067,2017-12-31T00:00:00Z,1185479724.91,310971989.31000006
603085,2017-12-31T00:00:00Z,783092965.28,422029136.7
603108,2017-12-31T00:00:00Z,4318809841.4,2154121000.6199994
603117,2017-12-31T00:00:00Z,675375983.15,275159642.47999996
603183,2017-12-31T00:00:00Z,443988595.67,51917479.390000045
603518,2017-12-31T00:00:00Z,2564142762.9,1819825575.2800002
603519,2017-12-31T00:00:00Z,1223241655.39,360458390.1600001
603589,2017-12-31T00:00:00Z,3602647169.79,772468499.52
603601,2017-12-31T00:00:00Z,639744458.59,319801562.59000003
603611,2017-12-31T00:00:00Z,2119601121.07,809845553.01
603626,2017-12-31T00:00:00Z,2164957830.68,862178547.1499999
603636,2017-12-31T00:00:00Z,807313135.82,339238709.1700001
603688,2017-12-31T00:00:00Z,563121082.21,116535655.60000002
603738,2017-12-31T00:00:00Z,539964464.17,169894809.03999996
603799,2017-12-31T00:00:00Z,9653222710.89,4763837607.499999
603869,2017-12-31T00:00:00Z,2511827733.32,1591786356.7700002
603993,2017-12-31T00:00:00Z,24147557764.1,17197986757.129997
34,2018-03-31T00:00:00Z,15784658438.53,3559736834.870001
36,2018-03-31T00:00:00Z,454167704.97,-1329583178.07
78,2018-03-31T00:00:00Z,9203779298.47,5014713139.289999
509,2018-03-31T00:00:00Z,578295384.91,493888779.90999997
533,2018-03-31T00:00:00Z,3005639103.69,2706972623.2400002
560,2018-03-31T00:00:00Z,2506607919.1,2169138763.0499997
565,2018-03-31T00:00:00Z,150815741.82,-788090274.0999999
609,2018-03-31T00:00:00Z,5503267.69,-191817633.86
676,2018-03-31T00:00:00Z,2111744370.72,920137820.2
711,2018-03-31T00:00:00Z,116455399.96,104745173.13
735,2018-03-31T00:00:00Z,197840332.72,-346259460.65
802,2018-03-31T00:00:00Z,149610740.89,95885617.24999999
975,2018-03-31T00:00:00Z,847431761.72,567076770.4000001
980,2018-03-31T00:00:00Z,5445618511.81,4910517972.650001
2001,2018-03-31T00:00:00Z,3045451020.04,1817463184.67
2102,2018-03-31T00:00:00Z,3200761355.91,1479529917.79
2164,2018-03-31T00:00:00Z,6341052710.71,6209434359.25
2168,2018-03-31T00:00:00Z,604057765.92,550849147.63
2280,2018-03-31T00:00:00Z,3828264408.63,3647536168.81
2316,2018-03-31T00:00:00Z,699882734,641539440.19
2359,2018-03-31T00:00:00Z,852148565.19,608288023.3100001
2377,2018-03-31T00:00:00Z,1015033028.69,932121678.24
2502,2018-03-31T00:00:00Z,30574460.2,-189084940.51000002
2564,2018-03-31T00:00:00Z,1187243020.09,-1827185077.0400002
2798,2018-03-31T00:00:00Z,756518436.39,683463833.06
300038,2018-03-31T00:00:00Z,814552666.57,597636065.9000001
300116,2018-03-31T00:00:00Z,1116621884.24,-1666619836.78
300122,2018-03-31T00:00:00Z,838328300.14,676091257.99
300174,2018-03-31T00:00:00Z,470665345.81,286069166.2
300176,2018-03-31T00:00:00Z,1074560306.68,696299744.49
300189,2018-03-31T00:00:00Z,66370595.87,-415447672.68
300268,2018-03-31T00:00:00Z,439401058.21,439221254.53999996
300276,2018-03-31T00:00:00Z,277511000.82,201447767.8
300308,2018-03-31T00:00:00Z,1398598185.75,1384033609.63
300409,2018-03-31T00:00:00Z,742568937.65,604452659.28
300423,2018-03-31T00:00:00Z,473491047.33,436245230.38
300427,2018-03-31T00:00:00Z,249305004.72,216898776.96
300467,2018-03-31T00:00:00Z,174867495.46,133151030.94
300485,2018-03-31T00:00:00Z,270473451.39,162268425.43
600083,2018-03-31T00:00:00Z,479691733.6,464754718.71000004
600093,2018-03-31T00:00:00Z,4436371444.08,1740391526.9899998
600146,2018-03-31T00:00:00Z,569833465.15,180792570.91999996
600173,2018-03-31T00:00:00Z,1036930697.39,805721112.43
600358,2018-03-31T00:00:00Z,86569035.21,55570398.059999995
600393,2018-03-31T00:00:00Z,901531019.69,-1657095954.9299998
600415,2018-03-31T00:00:00Z,807235699.98,-3899514885.3700004
600462,2018-03-31T00:00:00Z,373578233.71,290573056.02
600608,2018-03-31T00:00:00Z,192102179.34,164293116.54
600681,2018-03-31T00:00:00Z,1597037649.8,1091198030.12
600751,2018-03-31T00:00:00Z,74869791e3,3142299e3
600753,2018-03-31T00:00:00Z,577842709.92,577834452.88
600781,2018-03-31T00:00:00Z,1355953154.41,156553929.33000016
600833,2018-03-31T00:00:00Z,313367164.47,-120627997.21999997
600898,2018-03-31T00:00:00Z,827775004.49,468487868.02
601212,2018-03-31T00:00:00Z,10467596133.58,4875124041.65
